2084 3009
1215 89 1242 97 s

706 218 1045 270 LIBER
1111 220 1214 273 v1.
1613 228 1720 285 165

221 320 623 373 intermoreretur
639 319 781 383 ignis,
802 322 1021 385 effugere
1043 322 1327 384 tentabant3
1347 321 1438 372 sed
1459 340 1558 389 qua
1576 324 1722 375 flam·

194 394 199 399 ‘
218 406 296 439 ma
315 386 521 437 dederat
537 387 715 435 locum
728 422 743 449 ,
762 387 919 437 hostis
942 390 1192 439 obstabat.
1221 388 1233 393 “
1257 390 1408 440 'Varia
1428 392 1583 456 igitur
1602 410 1720 441 cae-

217 455 277 506 de
294 454 543 504 consumti
560 465 699 505 sunt.
760 451 867 503 Alii
886 456 947 507 in
958 457 1160 507 medios
1179 458 1320 521 ignes
1333 492 1347 518 ,
1368 459 1456 506 alii
1474 458 1526 507 in
1552 471 1718 523 petras

214 522 591 591 praecipitavere
612 538 691 583 se3
714 520 923 589 quidam
941 525 1178 574 manibus
1197 525 1424 573 hostium
1437 542 1490 573 se
1512 524 1718 576 obtule-

210 601 347 641 runtt
402 590 552 654 pauci
570 590 902 639 semiu‘smlati
922 608 1106 641 venere
1127 593 1179 641 in
1199 601 1522 657 potestatem.
1585 592 1719 643 Hine

208 656 273 708 ad
290 654 579 717 Craterum,
638 656 728 721 qui
748 654 1026 707 Artacacna
1049 659 1338 720 obsidebat,
1391 654 1539 708 redit.
1605 657 1718 721 Ille,

208 722 440 774 amnibus
475 724 807 788 praeparatis,
884 725 1015 789 regis
1071 727 1392 791 exspectabat
1426 725 1718 784 adventum.

206 802 372 857 captae
408 792 549 840 urbis
581 791 732 840 titulo
745 827 759 853 ,
794 791 923 840 sicut
956 809 1049 857 par
1085 805 1215 857 erat,
1255 792 1457 843 cedens.
1557 792 1720 858 Igitur

204 856 487 913 Alexander
506 866 693 908 turres
712 858 991 910 admoveri
1008 859 1174 908 iubet:
1235 862 1450 925 ipsoque
1478 858 1718 925 adspectu

202 925 359 975 territi
376 924 596 997 barbari,
626 944 653 973 e
672 926 835 974 muris
858 926 1064 989 supinas
1084 943 1267 975 manus
1278 926 1560 987 tendentes,
1599 944 1721 975 ora-

202 1009 259 1041 re
280 1004 569 1056 coeperunt,
586 993 728 1041 iram
749 991 807 1041 in
828 991 1242 1043 Satibarzanem
1263 991 1588 1060 defectionis
1603 1008 1719 1043 au—

202 1066 403 1109 ctorem
424 1067 768 1115 reservarem·
824 1058 1162 1126 supplicibus
1195 1068 1368 1111 semet
1391 1059 1720 1111 dedentibus·

194 1133 469 1195 parceret.
536 1126 668 1194 Rex,
706 1126 821 1177 data
844 1130 1015 1191 venia,
1067 1145 1175 1179 non
1207 1128 1530 1179 obsidionem
1555 1128 1718 1177 modo

196 1194 375 1255 solvit,
412 1192 503 1242 sed
523 1194 695 1243 omnia
715 1211 804 1243 sua
824 1196 1001 1246 incolis
1022 1196 1266 1245 reddidit.
1363 1192 1450 1244 Ab
1471 1194 1566 1245 hac
1589 1193 1716 1245 urbe

196 1260 429 1323 digresso
464 1262 885 1325 supplementum
916 1280 1174 1311 novorum
1216 1263 1446 1312 militum
1480 1263 1717 1311 occurrit.

192 1327 373 1378 Zoilus
403 1341 439 1373 n
474 1328 667 1391 equites
700 1346 763 1375 ex
786 1326 1000 1377 Graecia
1021 1326 1332 1377 adduxerat:
1382 1342 1450 1375 111
1469 1328 1634 1375 millia
1653 1342 1715 1375 ex

188 1393 399 1463 Illyrico
425 1390 693 1459 Antipater
711 1394 938 1442 miserat.
1004 1392 1240 1442 Thessali
1261 1393 1452 1457 equites
1476 1407 1506 1439 c
1527 1402 1578 1441 et
1595 1406 1714 1441 xxx

188 1478 317 1513 cum
334 1458 573 1526 Philippo·
592 1471 759 1509 erant:
796 1468 858 1507 e'x
875 1458 1037 1525 Lydia
1059 1475 1104 1507 11
1122 1460 1301 1521 millia,
1327 1470 1377 1508 et
1395 1473 1464 1506 nc
1485 1460 1714 1525 peregri-

185 1546 287 1579 nus
308 1527 463 1579 miles
484 1528 817 1578 advenerant:
854 1541 949 1575 ccc
982 1528 1176 1592 equites
1197 1528 1358 1591 gentis
1382 1525 1612 1576 eiusdem
1629 1542 1714 1575 se·-
1747 1540 1762 1551 “

184 1596 497 1661 quebantur.
562 1595 669 1643 Hac
716 1612 875 1643 manu
932 1594 1128 1645 adiecta
1181 1594 1412 1658 Drangae
1464 1594 1712 1661 pervenit.

180 1662 440 1713 Bellicosa
459 1662 597 1710 natio
618 1672 711 1711 est.
780 1660 1015 1727 Satrapes
1043 1673 1151 1711 erat
1169 1660 1488 1723 Barzaentes,
1509 1661 1713 1711 sceleris

164 1732 239 1780 in
257 1744 441 1792 regem
460 1745 613 1777 suum
630 1730 879 1794 particeps
898 1730 1070 1779 Bess0.
1104 1726 1154 1777 Is
1173 1730 1559 1795 suppliciorum,
1583 1736 1712 1794 quae

176 1805 461 1854 meruerat,
471 1804 614 1843 metu
632 1794 855 1860 profugit
874 1797 927 1843 in
944 1794 1162 1845 Indiam.
1451 1821 1454 1823 v

278 1858 435 1911 CAP.
470 1860 588 1911 VII.
657 1860 768 1911 Iam
788 1880 989 1913 nonum
1008 1862 1148 1913 diem
1170 1864 1346 1912 stativa
1367 1874 1532 1923 erant,
1589 1876 1710 1912 cum

172 1942 397 1981 externa
416 1929 465 1977 vi
486 1946 591 1977 non
610 1930 865 1979 interritus
884 1930 1043 1979 modo
1063 1946 1152 1979 rex
1165 1966 1178 1991 ,
1199 1930 1289 1980 sed
1315 1931 1553 1989 invictus,
1574 1929 1710 1979 inte-

172 1999 321 2049 stino
344 1996 565 2044 facinore
588 1997 873 2059 petebatur.
938 1995 1191 2063 Dymnus,
1209 1996 1444 2045 modicae
1462 1994 1604 2059 apud
1622 2012 1709 2043 re-

170 2081 309 2131 gem
328 2063 642 2112 auctoritatis
664 2074 716 2111 et
735 2063 949 2127 gratiae,
1004 2064 1219 2124 exoleti,
1269 2063 1350 2111 cui
1379 2060 1711 2113 Nicomacho

170 2142 295 2182 erat
312 2146 509 2180 nomen
523 2165 537 2191 ,
578 2146 749 2179 amore
770 2130 1037 2193 flagrabat,
1061 2128 1306 2193 obsequio
1325 2132 1417 2194 uni
1435 2130 1531 2180 sibi
1551 2128 1712 2181 dediti

168 2197 421 2263 corporis
451 2197 629 2246 victus.
694 2196 744 2246 Is
755 2202 777 2259 ,'
810 2196 951 2260 quod
982 2214 1045 2245 ex
1071 2196 1220 2246 vultu
1253 2214 1455 2263 quoque
1491 2198 1712 2265 perspici

166 2276 421 2331 poterat,
461 2264 642 2318 similis
662 2264 902 2324 attonito,
940 2264 1148 2313 remotis
1169 2264 1368 2314 arbitris
1391 2282 1510 2314 cum
1529 2283 1710 2315 iuvene
1788 2291 1792 2300 ’-

164 2333 404 2383 secessit
424 2332 478 2379 in
494 2332 777 2397 templum,
846 2346 1060 2380 arcana
1081 2347 1143 2380 se
1174 2339 1232 2381 et
1256 2330 1474 2383 silenda
1503 2330 1712 2401 offerre

160 2397 501 2467 praefatus
518 2416 535 2447 .·
604 2414 1011 2464 suspensumque
1055 2400 1424 2463 exspectatione
1452 2416 1560 2465 per
1593 2410 1713 2447 mu·-

164 2475 348 2517 tuam
371 2464 665 2519 caritatem
694 2473 752 2514 et
763 2464 1010 2533 pignora
1039 2466 1322 2533 utriusque
1353 2465 1526 2515 animi
1550 2475 1712 2528 rogat,

160 2542 239 2583 ut
250 2531 515 2601 affirmet
534 2531 903 2594 iureiurando,
924 2550 1072 2601 quae
1091 2534 1466 2591 commisisset,
1487 2528 1714 2579 ,silentio

120 2620 133 2625 ’
160 2616 306 2649 esse
330 2606 624 2649 tectarum.
708 2600 777 2648 Et
794 2601 881 2648 ille
900 2612 1063 2663 ratus,
1085 2601 1236 2659 nihil,
1257 2597 1400 2664 quod
1423 2597 1576 2645 etiam
1595 2610 1715 2643 tum

158 2667 423 2734 periurio
446 2664 791 2733 detegendum
808 2666 967 2731 foret,
1020 2666 1394 2726 indicaturum,
1417 2676 1528 2737 per
1539 2676 1708 2728 prae*
