2084 3009
417 137 648 190 sVPPL.
666 137 744 188 IN
749 195 755 200 ,
779 138 847 204 Q.
885 137 1202 190 CVRTIVM
1233 141 1293 191 L.
1319 140 1388 192 11.
1569 145 1677 205 419

136 252 479 307 expresserat,
502 252 721 304 quatuor
738 251 942 290 tantum
954 242 1214 292 coloribus
1226 260 1364 305 usus,
1387 260 1490 309 quo
1506 246 1673 295 maius

134 311 315 378 peritis
336 309 648 359 miraculum
668 320 812 356 esset.

245 376 378 424 CAP.
398 375 516 425 VlI.
552 374 662 423 Sub
682 375 821 423 idem
842 386 1045 441 tempus
1069 377 1261 441 antiqui
1282 377 1568 444 splendoris
1588 397 1672 428 se·-

134 443 265 493 dem
286 443 560 510 Smyrnaei
579 454 898 508 receperunt,
928 455 1206 508 postquam
1225 445 1494 511 Lydorum
1516 447 1671 495 armis

132 512 313 578 excisa
326 522 497 559 vetere
519 508 757 576 Smyrna,
800 509 1202 574 quadringentos
1233 529 1327 576 per
1356 529 1513 560 annos
1533 514 1673 561 vica-

132 580 236 628 tim
256 577 637 626 habitavissent.
676 577 912 626 Restituit
934 595 1048 625 eam
1069 595 1162 627 rex
1181 579 1359 640 viginti
1380 579 1541 628 ferme
1563 591 1674 627 sta·-

129 645 237 694 diis
259 663 288 692 a
310 646 425 692 solo
456 645 689 708 antiquae
721 645 877 704 urbis,
917 645 1118 692 somnio
1159 646 1408 694 monitus.
1459 645 1676 696 Solebat

128 710 452 771 Alexander,
496 727 615 759 cum
650 729 678 758 a
702 711 983 760 maioribus
1002 713 1216 774 negotiis
1248 726 1462 774 vacaret,
1494 713 1671 766 ,otium

126 778 376 829 venando
416 780 655 827 eximere.
708 771 865 826 Fo'rte
905 779 1129 827 exercito
1171 796 1384 844 corpore
1424 781 1584 828 fessus
1616 781 1672 829 in

128 845 279 909 Pago
302 857 479 893 moute
502 845 911 894 obdormiverat:
950 843 1021 893 ibi
1050 862 1142 909 per
1175 848 1403 911 quietem
1435 848 1570 897 visus
1593 858 1672 894 est

130 913 318 963 audire
353 912 611 974 Nemeses‚
660 909 900 976 (quarum
939 914 993 960 in
1035 914 1277 976 proximo
1312 914 1492 962 fanum
1523 911 1668 976 erat,)

128 983 467 1046 imperantes,
511 987 575 1027 ut
594 995 653 1028 eo
674 979 795 1044 ipso
819 976 938 1027 Ioco
969 978 1154 1028 urbem
1186 979 1462 1037 conderet,
1503 978 1670 1046 inque

134 1065 265 1099 eam
285 1047 612 1111 Smyrnaeo-s·
633 1045 943 1094 deduceret.
982 1045 1045 1094 Id
1064 1047 1381 1094 insomnium
1403 1063 1528 1096 mox
1542 1047 1668 1094 Cla·

134 1117 201 1166 rii
221 1113 481 1180 Apollinis
504 1116 767 1161 oraculum
793 1113 1125 1172 confirmavit,
1159 1112 1450 1177 Smyrnaeis
1475 1130 1665 1162 consu-

134 1181 365 1232 ..entibus
386 1196 651 1246 prospere
692 1173 975 1227 cessuram
1014 1180 1407 1248 migrationem
1443 1182 1668 1244 promit-

133 1260 272 1298 tens.
322 1248 401 1296 Ita
422 1246 754 1296 fundamenta
773 1263 933 1294 novae
964 1247 1111 1294 urbis.
1139 1249 1356 1310 imperio
1378 1249 1510 1310 regis
1539 1249 1664 1296 iacta

131 1327 283 1376 sunt3
325 1316 589 1364 absolutae
621 1314 842 1376 gloriam
861 1311 1151 1372 Antigonus
1180 1312 1313 1371 tulit,
1355 1329 1476 1361 cum
1494 1315 1668 1377 ipsum

129 1384 313 1450 paullo
342 1387 467 1448 post
478 1379 774 1430 Alexander
796 1377 984 1442 Lydiae
1003 1375 1366 1441 Phrygiaeque,
1409 1381 1666 1434 et,viciuis

127 1451 446 1514 regionibus,
484 1449 877 1514 praeposuisset.
931 1442 991 1490 In
1014 1441 1295 1510 Smyrnaeo
1331 1445 1448 1492 sinu
1475 1444 1663 1494 Clazo-

128 1519 299 1568 menii
318 1517 559 1576 habitant,
600 1531 699 1578 qua
733 1509 1155 1574 angustissimtun
1186 1522 1262 1560 est
1291 1513 1480 1570 solum,
1523 1511 1663 1576 quod

127 1595 493 1651 procurrentes
515 1583 567 1631 in
588 1596 730 1642 mare
763 1590 921 1626 terras
952 1595 1044 1642 per
1084 1579 1339 1642 sexaginta
1371 1579 1535 1627 ferme
1557 1590 1665 1627 sta-

129 1652 221 1700 dia
254 1651 532 1700 continenti
563 1646 853 1707 adnectens,
894 1645 1194 1710 peninsulae
1235 1646 1456 1711 speciem
1497 1647 1665 1694 efficit.

124 1717 376 1770 Alterum
396 1716 567 1765 isthmi
589 1716 721 1762 latus
744 1731 807 1762 ex
829 1712 1041 1760 adverso
1054 1711 1510 1761 Clazomeniorum
1525 1713 1660 1762 Teos

123 1794 365 1851 occupat.
418 1783 480 1830 In
504 1794 732 1830 extremo
752 1780 1054 1846 peninsulae
1077 1797 1236 1828 cornu
1256 1779 1504 1846 Erythrae
1524 1792 1659 1843 sunt,

120 1866 249 1904 tum
271 1866 475 1915 quoque
496 1847 710 1896 fatidicis
732 1847 1035 1896 mulieribus
1070 1847 1310 1912 inclytae:
1349 1849 1490 1896 iuxta
1532 1865 1658 1912 quas

120 1937 284 1971 mons
325 1918 601 1967 altissimus
630 1916 831 1975 MimaS,
871 1915 1068 1962 insulae
1101 1913 1354 1963 Chiorum
1393 1917 1657 1980 oppositus

121 2004 275 2038 mare
298 1995 609 2051 prospectat;
650 1980 834 2031 deinde
864 1981 1133 2046 paullatim
1165 1980 1478 2045 depressior,
1519 1980 1658 2029 haud

120 2055 318 2122 procul
338 2053 580 2115 angustiis
602 2049 1059 2099 Clazomeniorum
1089 2048 1144 2094 in
1181 2049 1418 2110 aequales
1451 2063 1660 2111 campos

123 2121 335 2172 desinit.
386 2121 519 2170 Eam
550 2119 653 2166 loci
691 2129 929 2165 naturam
958 2115 1331 2180 contemplatus
1353 2111 1661 2175 Alexander,

125 2188 361 2240 faucibus
381 2186 627 2244 intercisis
650 2185 846 2232 auferre
868 2182 1144 2230 continenti
1166 2180 1402 2240 decrevit,
1443 2192 1502 2228 ut
1523 2181 1661 2248 Ery-

128 2256 261 2306 thris
284 2268 334 2304 et
353 2253 593 2302 Mimanti
615 2269 755 2300 mare
777 2248 1226 2306 circumfunderet,
1259 2265 1316 2296 ac
1341 2248 1662 2312 superiorem

126 2324 528 2386 inferioremque
568 2321 739 2367 sinum
780 2317 1126 2380 coniungeret.
1171 2304 1242 2381 ld
1266 2333 1432 2364 unum
1467 2317 1576 2379 regi
1601 2331 1663 2365 ex

128 2392 382 2442 sententia
404 2389 703 2438 successisse
723 2396 925 2450 negant,
960 2400 1080 2430 cum
1102 2393 1296 2432 ceteros
1320 2384 1426 2432 eius
1449 2394 1664 2430 conatus

130 2461 336 2509 fortuna
354 2458 511 2514 enixe„
523 2457 739 2503 iuvaret:
788 2454 1011 2514 abiitque
1033 2450 1188 2498 resin
1208 2451 1538 2514 religionem,
1565 2465 1663 2497 nee

126 2530 229 2599 fas
251 2544 372 2576 esse
394 2519 720 2573 mortalibus
743 2521 1086 2570 existimatum
1109 2529 1198 2576 est,
1211 2526 1424 2568 mutare
1431 2513 1663 2582 faciem,

132 2613 301 2668 quam
325 2599 539 2644 natura
558 2587 694 2639 Iocis
714 2585 983 2638 indiderit
996 2603 1015 2635 .·
1044 2587 1222 2648 utique
1243 2596 1518 2652 postquam
1534 2581 1660 2633 alios

1093 2651 1253 2704 Dda
