2084 3009
393 189 500 247 203
929 186 996 246 Q.
1068 132 1448 231 CVRTII'

393 289 557 336 ctione
617 295 904 351 comperta,
966 282 1255 333 Craterum
1312 279 1564 333 obsidere
1618 278 1939 351 Cyropolim

393 355 562 403 iubet:
619 354 730 419 ipse
769 353 927 401 aliam
963 351 1153 400 urbem
1194 352 1417 413 regionis
1450 348 1688 399 eiusdem
1736 368 1935 403 corona

393 422 553 485 capit3
594 421 858 484 signoque,
879 429 936 467 ut
956 417 1176 484 puberes
1198 418 1617 477 interficerentur,
1640 417 1783 480 dato,
1806 422 1935 469 reli-

392 490 478 555 qui
499 490 552 536 iu
571 486 817 552 praedam
839 502 1030 535 cessere
1052 485 1277 534 victoris:
1318 486 1441 535 urbs
1462 484 1633 535 diruta
1652 497 1746 547 est,
1767 499 1833 535 ut
1852 505 1935 535 ce-

394 557 487 605 teri
508 554 666 604 cladis
689 555 925 620 exemplo
947 553 1345 617 continerentur.
1416 552 1933 613 Memaceni,⁴valida

392 640 534 687 gens,
555 621 877 671 obsidionem
891 637 995 670 nou
1017 630 1076 667 ut
1095 619 1445 669 honestiorem
1466 619 1645 681 modo,
1668 620 1760 669 sed
1774 624 1932 670 etiam

393 702 450 739 ut
474 691 743 752 tutiorem,
785 688 916 738 serre
942 687 1288 737 decreverant.
1349 682 1434 739 Ad
1449 703 1676 751 quorum
1700 689 1933 752 pertina-

393 759 523 805 ciam
551 754 891 818 mitigandam
923 771 1012 803 rex
1044 770 1077 801 L
1122 755 1313 819 equites
1353 756 1645 819 praemisit,
1688 756 1779 819 qui
1816 754 1935 804 cle-

395 823 650 873 mentiam
671 823 847 889 ipsius
866 821 930 870 in
949 820 1169 871 deditos
1183 855 1198 879 ,
1236 818 1504 891 simulque
1526 820 1935 873 inexorabilem

393 892 631 939 animum
663 891 721 939 in
754 890 996 939 devictos
1019 880 1361 940 ostenderent.
1428 888 1541 951 lui,
1582 904 1683 939 nec
1705 888 1931 953 defide.

369 976 490 1024 'nec
512 958 579 1009 de
597 957 856 1024 potentia
893 956 1068 1025 regis,
1110 956 1261 1022 ipsos
1292 953 1549 1008 dubitare
1582 955 1934 1021 respondent3

395 1028 690 1090 equitesque
721 1022 949 1074 tendere
982 1030 1149 1073 extra
1179 1022 1521 1076 munimenta
1552 1022 1710 1075 urbis
1730 1024 1937 1075 iubent.

393 1092 723 1156 Hospitaliter
772 1090 959 1139 deinde
1013 1101 1281 1155 exceptos,
1344 1106 1625 1155 gravesque
1673 1092 1847 1157 epulis
1890 1106 1937 1140 et

393 1176 601 1220 somno,
647 1160 950 1221 intempesta
981 1168 1131 1205 nocte
1156 1156 1325 1209 adorti
1345 1158 1729 1209 iuterfecerunt.
1801 1156 1939 1208 Ale-

393 1224 586 1275 xander
623 1223 762 1273 haud
790 1240 962 1286 secus,
1005 1240 1164 1289 quam
1193 1242 1286 1289 par
1316 1237 1449 1287 erat,
1487 1236 1693 1289 motuS,
1742 1226 1939 1276 urbem

395 1310 585 1342 corona
625 1290 989 1355 circumdedit3
1039 1293 1405 1352 munitiorem,
1446 1308 1603 1359 quam
1652 1303 1713 1343 ut
1757 1295 1941 1358 primo

391 1363 589 1429 impetu
624 1361 734 1429 capi
754 1370 940 1427 posset.
1007 1354 1185 1423 Itaque
1204 1358 1528 1425 Meleagrum
1557 1373 1607 1411 et
1627 1358 1941 1411 Perdiccam

393 1430 448 1478 iu
469 1428 796 1480 obsidionem
818 1428 982 1493 iungit
995 1464 1008 1489 ,
1031 1425 1363 1495 Cyropolim,
1383 1438 1443 1477 ut
1462 1438 1578 1475 ante
1600 1424 1805 1477 dictum
1826 1442 1909 1478 est
1924 1467 1939 1491 ,

395 1495 706 1545 obsidentes.
775 1494 1029 1545 Statuerat
1060 1504 1233 1543 autem
1251 1510 1462 1559 parcere
1489 1494 1607 1545 urbi
1638 1494 1887 1545 conditae
1910 1515 1938 1545 a

391 1560 788 1631 Cyro:·quippe
824 1577 931 1610 non
965 1562 1130 1609 alitun
1158 1562 1390 1626 gentium
1412 1562 1623 1617 illarum
1642 1564 1808 1627 magis
1832 1562 1937 1611 ad—

391 1631 606 1679 miratus
629 1642 720 1690 est,
741 1628 1055 1693 quam„hunc
1073 1644 1264 1691 regem,
1286 1640 1337 1677 ct
1357 1628 1708 1689 semiramim,
1729 1630 1784 1678 in
1807 1632 1931 1695 quis

391 1705 451 1755 et:
468 1696 909 1763 magnitudinem
929 1694 1114 1754 animi,
1139 1702 1196 1743 et
1216 1693 1534 1747 claritatem
1554 1709 1738 1747 rerum
1759 1694 1933 1767 longe

391 1761 681 1813 emicuisse
705 1762 960 1814 credebat.
1050 1762 1295 1812 Ceterum
1324 1764 1603 1830 pertinacia
1630 1763 1931 1829 oppidano·

391 1846 508 1879 rum
531 1831 637 1879 eius
659 1831 789 1877 iram
813 1828 1059 1881 accendit.
1126 1829 1303 1894 Itaqu:.
1326 1838 1551 1897 captam
1572 1830 1763 1880 urbem
1786 1831 1931 1882 diri-

387 1913 521 1965 pere
544 1898 692 1946 iussit
703 1894 944 1946 delectos
957 1894 1308 1957 Macedones,
1328 1896 1666 1947 baudiniuria
1684 1898 1931 1959 infestor-3

377 1977 440 2017 ·et
470 1964 537 2015 ad
567 1964 892 2029 Meleagrum
924 1974 973 2013 et
1001 1961 1299 2013 Perdiccam
1328 1964 1479 2017 redit.
1551 1964 1660 2013 Sed
1686 1982 1797 2015 non
1832 1969 1930 2015 alia

395 2034 515 2083 urbs
558 2033 740 2083 fortius
781 2030 1108 2081 obsidionem
1145 2033 1286 2081 tulit:
1364 2030 1561 2097 Quippe
1601 2042 1652 2081 et
1692 2035 1929 2083 militnm

391 2101 731 2167 promtissimi
753 2099 1006 2165 cecidere3
1048 2111 1097 2149 et
1116 2100 1222 2164 ipse
1245 2114 1340 2149 rex
1357 2098 1425 2147 ad
1443 2100 1696 2149 ultimum
1712 2102 1923 2168 pericu-

391 2168 510 2219 lum
537 2169 698 2217 venit:
738 2184 960 2233 namque
993 2167 1165 2219 cervix
1194 2166 1300 2216 eius
1328 2182 1450 2217 saxo
1472 2167 1542 2217 ita
1580 2166 1681 2215 icta
1724 2177 1824 2227 est,
1862 2180 1927 2217 m

394 2233 556 2283 oculis
581 2236 794 2300 caligine
816 2237 976 2284 offusa
997 2233 1365 2297 collaberetur,
1409 2250 1477 2283 ne
1496 2236 1687 2284 ment-is
1710 2233 1927 2301 quidem

395 2317 636 2365 compo-13
687 2304 935 2353 exercitus
975 2312 1111 2352 certe
1150 2302 1307 2365 velut,
1329 2313 1504 2367 erepto
1544 2318 1609 2351 eo
1648 2303 1929 2367 ingemuit.

394 2364 501 2418 Sed
522 2367 736 2419 invictus
769 2370 1007 2420 adversus
1030 2386 1112 2432 ea,
1150 2386 1282 2435 quae
1313 2382 1505 2419 ceteros
1524 2378 1743 2431 terrent,
1783 2386 1932 2418 non-

395 2436 526 2485 dum
546 2450 816 2503 percurato
842 2438 1085 2499 vulnere,
1123 2438 1287 2486 acrius
1308 2436 1564 2487 obsidioni
1584 2436 1796 2498 institit,
1826 2454 1931 2486 na-

397 2504 618 2561 turalem
656 2506 968 2555 celeritatem
1005 2505 1082 2551 ira
1129 2506 1428 2554 concitante.
1497 2502 1756 2553 Cuniculo
1798 2520 1929 2570 ergo

395 2571 609 2620 suffossa
627 2572 834 2621 moenia
862 2571 1044 2635 ingens
1076 2569 1332 2621 nudavere
1363 2570 1611 2638 spatium,
1655 2588 1753 2637 per
1781 2571 1928 2637 quod

398 2632 605 2700 irrupit,
642 2636 904 2705 victorZJue
923 2638 1110 2687 urbem
1130 2637 1266 2689 dirui
1286 2640 1449 2689 iussit.
1517 2637 1649 2687 Hine
1668 2638 1927 2689 Menede-
