2084 3009
432 115 575 216 416⁶
826 147 856 200 1
924 101 1572 205 rama-annun

436 253 661 305 donibus
684 245 979 302 in'Graeeia
999 251 1329 301 conflandum
1357 265 1388 298 a
1418 245 1630 312 satrapis
1655 241 1846 309 factae,
1889 258 1986 296 eo-
2011 293 2020 302 ,

434 321 627 388 gamit,
666 317 1078 368 Demosthenem
1109 335 1224 366 eam
1255 319 1326 367 ob
1356 331 1564 364 causam
1581 329 1850 377 magnum
1871 314 1992 366 auri

433 386 639 455 pondus
660 387 939 451 accepisse5
979 387 1123 435 cuius
1148 385 1304 435 etiam
1325 383 1565 449 epistolae
1593 380 1670 428 ibi
1689 381 1993 430 servaban-

434 469 537 506 tur.
594 452 701 503 Sed
721 454 841 518 quia
869 468 991 518 pace
1016 469 1137 502 cum
1155 448 1553 502 Atheniensibus
1573 447 1701 496 inita
1719 458 1992 500 transacta

431 539 517 574 res
540 531 661 582 erat,
682 521 809 570 nihil
829 537 887 570 ea
907 519 971 569 de
992 537 1048 570 re
1069 521 1242 586 palam
1263 528 1570 582 conquestus
1592 526 1699 576 est3
1741 526 1988 566 ceterum

433 590 708 640 intentiore
730 603 850 638 cura
870 587 1171 651 agitandum
1193 586 1406 646 censuit,
1433 581 1704 648 quomodo
1727 581 1986 636 adv-ersus

434 657 695 706 efficacem
712 654 807 704 viri
826 655 1176 719 eloquentiam
1193 651 1423 703 Athenae
1453 652 1508 699 in
1537 650 1710 698 officio
1735 650 1990 700 contine·

431 721 626 783 ren'tur,
666 738 760 771 sua
790 721 1076 771 defectione
1105 722 1400 771 universam
1423 718 1703 766 Graeciam
1723 718 1785 767 in
1804 730 1986 784 partes

432 799 701 840 tracmrae.
768 787 937 838 Nemo
956 790 1258 838 occurrebat
1278 785 1536 835 Phocione
1560 784 1790 849 dignior,
1835 786 1986 834 cuius

430 857 567 906 mira
586 856 893 920 innocentis,
933 868 983 906 et
1004 857 1072 906 ob
1105 854 1448 906 constantiam
1483 852 1688 902 virtutis
1721 851 1990 902 honorata

430 933 703 990 paupertas
725 934 851 974 erat·
898 923 1041 974 Eum
1062 938 1202 988 ergo,
1238 923 1472 988 primum
1491 917 1569 970 oh'
1590 935 1767 978 usum,
1793 919 1987 972 deinde

433 1002 495 1040 nt
514 991 740 1040 hominis
761 992 1240 1055 magnanimitatem
1269 989 1452 1038 multis
1479 989 1862 1054 experimentis
1893 1005 1987 1037 co-

430 1058 627 1121 gnovit,
668 1057 1012 1108 admiratione
1050 1059 1251 1108 virtutis
1289 1057 1360 1107 ita
1400 1056 1580 1118 coluit,
1617 1066 1680 1104 ut
1707 1071 1842 1104 cum
1867 1065 1986 1122 post

432 1139 670 1172 eversum
687 1123 831 1173 Darii
849 1125 1130 1190 imperium
1149 1125 1322 1172 animo
1346 1123 1538 1186 elatus,
1581 1123 1861 1173 neminem
1878 1124 1984 1172 iarn

431 1190 595 1240 salute
618 1187 929 1254 dignaretur,
968 1191 1036 1240 ad
1057 1207 1217 1256 quem
1246 1189 1518 1250 scribebat,
1545 1190 1830 1241 -eximium
1863 1205 1986 1241 eum

432 1256 685 1308 honorem
703 1255 906 1307 duobus
924 1259 1422 1325 tantum,Antipstro
1434 1269 1484 1309 et
1495 1257 1763 1320 Phocioni,
1785 1258 1984 1308 habue-

430 1327 517 1376 rit.
563 1323 793 1388 Constat,
816 1325 938 1376 huic
956 1325 1238 1392 aliquando
1260 1337 1469 1376 centum
1490 1326 1680 1375 talenta
1703 1325 1857 1376 dono
1878 1326 1985 1376 mi·

433 1395 558 1443 sisse
578 1409 779 1457 regem:
821 1393 1006 1444 deinde
1042 1396 1314 1461 optionem
1349 1392 1530 1443 fecisse
1576 1395 1716 1443 inter
1755 1405 1987 1460 quatuor
2074 1445 2075 1462 χ

431 1459 573 1520 haud
592 1458 845 1524 ignobiles
856 1459 1007 1511 Asiae
1028 1452 1182 1512 urbes
1193 1479 1352 1512 unam
1365 1459 1600 1525 eligendi.
1636 1459 1784 1524 Cius,
1809 1463 1988 1522 Elaea,

429 1525 753 1592 Mylas-saque
785 1540 834 1577 et
855 1528 962 1579 Ger
996 1531 1117 1580 etho
1155 1531 1323 1581 fueret
1368 1527 1583 1596 quidam
1623 1529 1824 1580 ultimo
1866 1531 1988 1579 loco

430 1590 610 1642 Patara
629 1595 918 1647 nominant.
1002 1609 1025 1646 t
1042 1599 1134 1647 ille
1155 1598 1288 1648 nihil
1309 1597 1498 1646 horum
1519 1597 1742 1662 accepit:
1779 1597 1900 1660 sed,
1921 1615 1986 1648 ne

430 1661 563 1710 tanti
600 1662 735 1730 regis
778 1663 1062 1714 amicitiam
1099 1663 1362 1714 fastidiose
1387 1663 1988 1730 'sprevisse‘videretur,

428 1728 593 1792 petiit,
633 1736 699 1777 ut
725 1727 1126 1781 Echecratides
1166 1731 1445 1799 sophista,
1486 1739 1544 1784 et
1581 1729 1988 1782 Athenodorus

427 1790 686 1856 Imbria-r,
727 1811 851 1843 cum
880 1798 1190 1848 Demarato
1221 1807 1277 1848 et
1296 1802 1563 1865 Spar-tone
1583 1798 1848 1860 Rhodiis,
1893 1800 1986 1866 qui

428 1861 484 1912 in
504 1875 618 1908 arce
640 1858 885 1909 sardiana
908 1865 1094 1928 captivi
1113 1867 1434 1926 tenebantur,
1474 1866 1734 1916 custodia
1753 1865 1978 1918 libera-

430 1933 657 1978 rentum
684 1922 791 1974 Sed
812 1925 935 1974 haec
954 1927 1010 1976 in
1030 1945 1250 1993 sequens
1271 1941 1478 1995 tempus
1500 1949 1792 1984 excurrere.
1827 1933 1981 1983 Tum

430 1995 501 2046 ad
518 1993 785 2060 Ephesum
817 1993 951 2043 itum
981 2005 1072 2056 est,
1114 2011 1272 2060 quam
1311 2011 1520 2066 accepto
1557 2001 1720 2051 cla‘dis
1737 2001 1982 2052 Persicae

426 2065 613 2116 nuntio
632 2060 947 2128 praesidiarii
986 2061 1356 2125 deseruerants
1378 2065 1579 2116 duabus
1620 2069 1980 2134 Ephesiorum

430 2129 733 2180 triremibus
773 2130 952 2180 avecti.
1001 2129 1128 2186 Erat
1165 2131 1298 2181 inter
1340 2130 1704 2202 eos'Amyntas
1725 2133 1980 2187 Antiochi

428 2198 581 2260 filius,
616 2199 704 2261 qui
725 2215 789 2247 ex
807 2195 1111 2247 Macedonia
1129 2199 1442 2265 profugerat,
1481 2203 1626 2250 nulla
1644 2203 1875 2267 quidem
1894 2207 1982 2255 in·-

430 2265 563 2314 iuria
584 2265 811 2326 affectus,
860 2264 955 2315 sed
994 2265 1136 2331 quod
1172 2267 1462 2332 periculum
1483 2285 1510 2316 a
1539 2285 1659 2334 rege
1689 2282 1982 2323 metueret:

432 2347 591 2398 quem
610 2331 728 2396 quia
749 2331 974 2382 invisum
994 2335 1312 2400 e'xosumque
1325 2333 1557 2398 habebat,
1576 2337 1721 2386 illius
1735 2340 1982 2391 animum

434 2415 495 2448 ex
516 2417 610 2449 suo
631 2397 955 2448 metiebatur.
1009 2401 1206 2466 Quarto
1246 2414 1524 2468 postquam
1555 2401 1809 2455 Sardibus
1851 2425 1983 2457 mo·-

432 2467 586 2516 visset
606 2465 706 2526 die,
752 2463 1013 2530 Ephesum
1043 2469 1238 2519 introiit
1254 2466 1577 2532 Alexander-3
1615 2473 1979 2540 restitutisque

429 2533 709 2594 exsulibus,
753 2534 840 2596 qui
876 2550 1163 2598 paucorum
1193 2535 1545 2587 dominatione
1574 2537 1714 2603 pulsi
1748 2540 1980 2601 fuerant,

340 2603 344 2608 ”
429 2599 809 2661 rempublicam
829 2601 1025 2666 populo
1045 2603 1276 2653 tradidit.
1319 2603 1416 2654 Ille
1436 2606 1684 2656 libertatis
1708 2604 1806 2660 diu
1831 2607 1976 2660 desi·
