2084 3009
456 173 561 233 424
843 169 888 222 1.
936 169 1581 223 FREINs-HEMII

454 282 673 342 partem
714 289 1024 339 capessere.
1099 273 1507 323 confirmabatur
1548 273 1707 321 etiam
1749 274 1993 337 augurio,

458 341 603 408 quod
622 343 967 406 superioribus
992 340 1170 406 diebus
1194 361 1221 389 a
1245 353 1384 406 tergo
1405 341 1570 403 regiae
1603 341 1782 389 classis
1818 343 1990 405 aquila

456 410 511 458 in
553 410 700 456 litore
742 409 1021 456 consistens
1063 409 1388 474 apparuisset.
1458 408 1648 456 Contra
1686 404 1991 456 Alexander

453 474 585 546 falli
608 475 1021 523 Parmenionem
1040 477 1367 534 asseverabat,
1411 475 1508 542 qui
1517 490 1740 539 paucas
1763 491 1990 522 suorum

458 559 633 591 naves
673 550 867 590 tautae
905 541 1145 590 hostium
1183 540 1547 598 multitudini,
1591 541 1992 610 imperitosque

458 607 698 674 remiges
719 617 775 656 et
793 609 961 658 rudes
984 609 1339 667 classiarios,
1378 607 1870 659 exercitatissimis
1895 610 1991 658 λο-

457 677 708 734 minibus,
732 676 919 742 reique
942 677 1206 724 nautii-ae
1217 671 1599 742 peritissimis,
1639 675 1990 724 obiiciendo-s·

456 743 696 791 duceret.
758 745 827 792 Se
851 742 1072 810 quidem
1095 744 1298 792 virtuti
1324 759 1546 791 suorum
1567 741 1674 791 non
1702 741 1989 809 diffidere,

458 817 701 859 ceterum
726 809 884 872 scire,
910 808 1063 857 illam
1087 809 1144 858 in
1165 808 1456 865 navalibus
1466 811 1684 876 pugnis
1705 810 1992 858 minimum

454 873 703 939 conferre
730 874 807 924 ad
824 875 1133 924 victoriam.
1156 877 1331 925 Multo
1355 877 1497 924 enim
1508 878 1684 941 plura
1703 885 1992 925 ventorum

450 941 825 1010 fluctuumque
861 941 1115 991 ludibriis
1145 941 1416 1007 permitti,
1457 959 1598 1006 quae
1633 940 1990 1009 gubernato-

455 1025 573 1057 rum
595 1018 763 1076 atque
785 1009 1054 1076 remigum
1065 1008 1283 1074 peritia
1301 1009 1514 1073 vitaret
1532 1046 1545 1068 ‚
1587 1017 1684 1058 aut
1706 1011 1990 1074 suis-par·-

454 1074 605 1122 tibus
643 1083 955 1141 opportuna
997 1075 1299 1142 redigeret.
1359 1076 1472 1122 Nec
1514 1075 1572 1124 in
1607 1077 1856 1142 ipsarum
1877 1093 1988 1126 na-

451 1140 601 1189 vium
642 1141 1053 1189 constructione
1093 1139 1237 1188 nihil
1272 1151 1370 1188 aut
1403 1157 1608 1206 parum
1647 1143 1846 1192 situm:
1903 1143 1986 1191 ita

451 1205 823 1254 Macedonum
845 1215 1078 1254 conatus
1097 1223 1271 1256 vanos
1287 1206 1438 1274 fore,
1481 1227 1601 1258 cum
1632 1227 1725 1259 eos
1759 1208 1992 1258 barbari

455 1272 675 1340 impune
706 1280 812 1320 aut
846 1271 1083 1332 eludere,
1131 1283 1235 1322 aut
1255 1274 1434 1336 etiam,
1477 1276 1532 1324 si
1549 1295 1718 1326 casus·
1736 1277 1986 1338 daretur,

453 1340 755 1407 opprimere
766 1347 1033 1404 possent*
1073 1341 1266 1409 Neque
1286 1340 1416 1391 vero
1438 1344 1716 1412 exiguum·
1727 1344 1787 1391 id
1805 1343 1990 1392 detri-

453 1417 694 1460 mentum
701 1406 979 1473 futurum.
1043 1409 1239 1456 Totam
1257 1409 1452 1457 Asiam
1481 1421 1826 1459 arrecturoem
1857 1412 1993 1460 ani-

452 1491 584 1532 mos,
608 1477 663 1524 si
684 1474 833 1520 inter
854 1473 1019 1522 initia
1041 1473 1173 1523 belli
1191 1474 1375 1524 clades
1397 1487 1622 1543 accepta
1630 1477 1807 1545 foret.
1855 1477 1992 1526 Ple-

451 1545 650 1607 rosque
671 1539 977 1588 mortalium
1014 1550 1100 1596 tta
1121 1552 1466 1608 comparatos
1487 1561 1626 1606 esse,
1669 1553 1728 1592 ut
1748 1547 1872 1592 eu‘m
1894 1562 1994 1594 re·-

452 1623 573 1656 rum
593 1615 843 1655 eventum
865 1609 1293 1672 exspectandum
1305 1619 1530 1676 putent,
1554 1629 1710 1680 quem
1731 1626 1800 1659 ex
1814 1613 1994 1676 prin-

452 1674 596 1739 cipio
617 1689 968 1722 successuum
988 1691 1087 1739 spe
1109 1685 1210 1724 aut
1229 1677 1539 1744 formidine
1556 1687 1989 1744 praeceperunt.

450 1741 523 1788 Et
542 1757 609 1786 ne
632 1739 700 1786 de
721 1739 860 1787 Asia
892 1741 1224 1800 dubitemus,
1266 1746 1456 1808 inquit3
1499 1746 1622 1812 quis
1651 1743 1788 1793 mihi
1808 1761 1990 1810 prae-

372 1825 394 1870 -Δ
450 1804 643 1861 stabit,
670 1807 913 1853 Graecos
936 1807 995 1854 in
1012 1808 1128 1868 fide
1148 1825 1453 1868 mansuros,
1495 1827 1544 1858 sz
1549 1811 1892 1876 felicitatem
1913 1811 1990 1860 il-

450 1869 561 1920 lam
582 1871 957 1934 exspiravisse
979 1874 1226 1938 credant,
1249 1893 1422 1940 quam,
1445 1877 1500 1924 si
1515 1891 1701 1926 verum
1714 1894 1990 1940 amamus,

454 1955 619 1987 unam
658 1937 717 1984 in
749 1933 905 1983 nobis
944 1940 1310 1988 reverentur?
1362 1941 1542 1992 Plane
1583 1945 1660 1994 ad
1685 1943 1991 2010 fortunam

452 2021 627 2054 meam
637 2001 924 2069 pertinere
946 2002 1213 2063 arbitror,
1258 2009 1404 2072 quod
1433 2011 1627 2076 aquila
1651 2027 1798 2075 pone
1833 2011 1992 2060 clas—

451 2089 571 2121 sem
590 2077 886 2134 conspecta
906 2078 1009 2128 est,
1049 2069 1212 2138 idque
1238 2071 1366 2122 boni
1395 2091 1682 2126 successus
1703 2075 1860 2126 omen
1880 2095 1991 2126 ac-

454 2139 593 2202 cipio
608 2157 625 2185 .·
668 2136 765 2186 sed
782 2135 879 2184 hoc
900 2135 1203 2203 manifesto
1215 2142 1498 2204 promittit
1517 2141 1838 2214 augurium,
1877 2161 1990 2194 nos

450 2203 694 2256 hostium
728 2219 903 2252 naves
941 2222 969 2252 e
1002 2204 1308 2254 continenti
1350 2220 1776 2287 expugnaturos
1817 2227 1991 2269 esse,-

452 2286 578 2320 nam
592 2285 886 2340 praesaga
906 2271 1170 2320 victoriae
1195 2272 1328 2334 ales,
1367 2285 1480 2324 non
1501 2293 1560 2324 m
1578 2274 1841 2335 navibus,
1883 2278 1994 2328 sed

447 2335 691 2386 in·litore
732 2337 1001 2410 constitit,
1049 2357 1148 2387 nec
1188 2341 1370 2403 magis
1401 2333 1670 2402 eventum,
1699 2361 1872 2412 quam
1891 2344 1988 2394 lo.-

446 2421 571 2468 cum
593 2402 835 2458 ostendit
854 2400 996 2451 belli.
1020 2404 1162 2457 Nam
1183 2407 1249 2464 si,
1272 2416 1334 2456 ut
1354 2412 1640 2474 coepimus,
1664 2411 1989 2462 maritimas

447 2469 611 2518 urbes
632 2467 813 2517 nostri
833 2469 971 2517 iuris
994 2469 1282 2538 efficimus,
1325 2476 1626 2525 Persarum
1657 2476 1870 2528 classis
1891 2479 1986 2528 ul·-

447 2545 532 2584 tro
554 2534 833 2584 dilabetur
848 2553 867 2584 :
890 2552 1066 2602 neque
1090 2539 1234 2587 enim
1247 2541 1697 2606 supplementum,
1713 2549 1987 2595 au¹tcom-

450 2609 685 2676 meatus,
724 2609 827 2650 aut
862 2619 1095 2652 securae
1135 2606 1303 2655 etiam
1341 2610 1612 2660 stationes
1657 2610 1720 2659 in
1749 2623 1984 2678 promtu
