2084 3009
695 190 742 243 L
775 190 803 244 1
833 193 874 243 B
907 158 952 245 ἑ
987 194 1031 245 R
1072 193 1274 248 ·v111.
1640 180 1751 259 2‘43

225 292 320 344 110⁵
337 287 1027 359 pellices'introducebantur
1058 298 1159 345 alio
1190 296 1356 357 aditu,
1404 314 1557 361 quam
1596 316 1753 363 quem

147 360 156 370 ’
225 360 406 411 armati
445 358 768 409 obsidebant.
855 361 1020 411 Iidem
1061 377 1297 431 acceptos
1340 364 1403 413 ab
1447 368 1751 429 agasonibus

225 444 400 493 equos,
422 444 544 476 cum
563 444 656 475 rex
675 445 972 477 ascensurus
995 443 1143 491 esset,
1166 431 1542 493 admovebant3
1582 434 1753 482 comi-

222 495 564 557 tabanturque
585 506 636 543 et
653 508 940 557 venantem,
963 508 1013 545 et
1032 498 1085 545 in
1104 500 1341 562 proeliis:
1362 499 1602 557 omnibus
1624 502 1751 549 arti-

219 561 320 612 bus
342 561 636 611 studiorum
666 562 962 611 liberalium
985 566 1192 614 exculti.
1258 563 1565 631 Praecipuus
1586 566 1755 617 honor

217 626 517 689 habebatur,
541 628 683 692 quod
700 630 889 678 licebat
900 629 1193 680 sedentibus
1205 634 1341 681 vesci
1363 650 1483 681 cum
1502 650 1635 697 rege.
1656 632 1753 682 Ca·

217 695 442 760 stigandi
463 696 758 745 verberibus
780 714 866 745 eos
886 697 1080 746 nullius
1100 710 1323 765 potestas
1342 712 1546 765 praeter
1573 701 1751 767 ipsum

219 774 345 813 erat.
403 762 550 811 'Haec
571 760 758 812 cohors
788 764 931 812 velut
961 766 1297 815 seminarium
1330 768 1524 817 ducum
1542 768 1751 833 praese-

143 894 148 898 ,
215 841 527 895 otor-umque
548 828 683 894 apud
694 830 1003 879 Macedonas
1019 833 1131 884 fuit.
1170 832 1303 881 Hinc
1315 835 1541 884 habuere
1552 836 1749 900 posteri

215 912 387 960 reges,
413 913 640 961 quorum
659 898 805 962 stirpi
830 909 950 963 post
967 901 1159 965 multas
1180 914 1365 949 aetates
1388 903 1607 951 Romani
1630 918 1751 967 opes

211 962 536 1013 ademerunt.
552 963 718 1027 Igitur.
727 964 1035 1015 Hermolaus
1055 984 1187 1031 puer
1211 969 1403 1017 nobilis
1427 986 1489 1016 ex
1500 969 1638 1031 regia
1652 985 1746 1016 co·-

211 1030 502 1093 horte,cum
513 1046 698 1098 aprum
709 1034 813 1080 telo
826 1046 1135 1098 occupasset,
1150 1052 1308 1101 quem
1319 1038 1408 1083 rex
1422 1036 1569 1083 ferire
1584 1035 1748 1084 desti-

211 1110 430 1158 naverat,
446 1100 583 1147 iussu
610 1098 714 1148 eius
733 1099 1030 1149 verberibus
1054 1102 1263 1153 affectus
1286 1114 1388 1154 est„
1410 1102 1583 1167 Quam
1596 1104 1749 1167 igno-
1812 1099 1823 1106 ⁶

209 1164 430 1237 {niniam
444 1182 588 1229 aegre
601 1166 782 1226 ferens,
796 1165 985 1217 deflere
999 1168 1137 1233 apud
1150 1168 1445 1218 Sostratum
1458 1171 1645 1235 coepit.
1666 1170 1747 1221 Efx

211 1230 400 1281 eadem
420 1232 628 1281 cohorte
651 1246 757 1281 erat
770 1232 1048 1296 Sostratus,
1064 1252 1239 1285 amore
1264 1239 1369 1286 eius
1392 1236 1592 1286 ardens.
1638 1236 1747 1302 Qui

212 1316 338 1349 cum
357 1300 642 1348 laceratum
657 1316 866 1365 corpus,
907 1301 958 1347 in
984 1318 1087 1365 quo
1111 1302 1403 1366 deperibat,
1446 1306 1745 1363 intueretur,

207 1367 429 1417 forsitan
461 1368 592 1414 olim
623 1366 690 1413 ob
724 1368 874 1413 aliam
897 1383 1103 1429 quoque
1136 1384 1340 1415 causam
1370 1370 1479 1430 regi
1504 1370 1746 1429 infestus3

209 1436 455 1483 iuvenem
475 1450 566 1482 sua
592 1444 776 1498 sponte
799 1434 903 1480 iam
920 1444 1131 1480 motum
1145 1469 1158 1494 ,
1180 1432 1299 1481 data
1320 1433 1419 1481 fide
1438 1446 1745 1497 acceptaque
1820 1484 1825 1487 ,

255 1500 464 1565 erpulit,
504 1512 564 1549 ut
591 1499 859 1547 occidendi
889 1516 1067 1564 regem
1088 1500 1363 1549 consilium
1385 1517 1560 1556 secum
1582 1502 1747 1551 iniret.

206 1518 326 1619 {lec
357 1568 546 1633 puerili
567 1568 759 1633 impetu
779 1584 892 1616 rem
914 1568 1135 1616 exsecuti
1156 1580 1302 1617 sunt:
1342 1569 1533 1633 quippe
1554 1569 1745 1616 soller-

207 1646 299 1683 ter
316 1635 578 1699 legerunt,
621 1651 752 1699 quos
774 1636 827 1683 in
849 1636 1145 1683 societatem
1165 1637 1367 1683 sceleris
1389 1634 1746 1685 adsciscerent.

206 1701 570 1753 Nicostratum
582 1737 595 1761 ,
616 1700 951 1766 Antipatrum
969 1698 1533 1769 Asclepiodorumque,
1551 1714 1600 1751 et
1619 1700 1746 1751 Phi-

205 1771 386 1819 lotam
405 1767 598 1833 placuit
627 1768 836 1815 assumi.
903 1766 1001 1816 Per
1030 1768 1123 1817 hos
1156 1768 1334 1819 adiecti
1357 1780 1477 1818 sunt
1492 1768 1743 1826 Anticles,

207 1836 528 1901 Elaptonius
541 1870 556 1897 ‚
582 1846 630 1883 et
649 1834 944 1897 Epimenes.
972 1863 975 1867 -
997 1834 1239 1885 Ceterum
1258 1837 1483 1901 agendae
1504 1838 1581 1885 rei
1600 1834 1744 1887 haud

209 1920 337 1954 sane
357 1902 517 1951 facilis
533 1902 751 1969 'patebat
767 1903 862 1951 via.
899 1902 1044 1967 Opus
1076 1917 1183 1953 erat
1204 1906 1384 1953 eadem
1406 1922 1587 1953 omnes
1611 1920 1741 1951 con-

209 1972 408 2021 iuratos
428 1982 576 2019 nocte
597 1970 873 2032 excubare,
925 1988 991 2020 ne
1013 1972 1077 2019 ab
1100 1973 1393 2035 expertibus
1414 1971 1615 2020 consilii
1635 1970 1743 2017 im-

255 2036 542 2097 edirentur3
581 2038 712 2086 sorte
743 2049 919 2085 autem
955 2037 1085 2086 alius
1116 2039 1214 2085 alia
1253 2051 1401 2087 nocte
1440 2037 1741 2087 excubabat.

245 2116 399 2169 taque
422 2104 476 2151 in
504 2104 854 2169 permutandis
888 2106 1173 2152 stationum
1202 2106 1425 2165 vicibus,
1468 2116 1740 2168 ceteroque

215 2183 465 2237 apparatu
487 2167 837 2235 exsequendae
857 2171 948 2232 rei,
963 2172 1170 2233 triginta
1192 2182 1241 2219 et
1261 2171 1366 2219 duo
1388 2172 1493 2221 dies
1517 2172 1742 2220 absumti
1794 2168 1799 2173 ⁴

215 2250 356 2290 sunt.
420 2234 616 2286 Aderat
633 2254 761 2297 nox,
803 2255 902 2302 qua
925 2238 1175 2285 coniurati
1198 2240 1445 2288 excubare
1468 2238 1739 2299 debebant,

214 2318 397 2357 mutua
425 2304 524 2353 fide
554 2303 692 2363 laeti,
723 2306 864 2353 cuius
896 2303 1269 2353 documentum
1294 2307 1373 2353 tot
1393 2306 1499 2354 dies
1522 2306 1742 2355 fuerant.

213 2374 494 2425 Neminem
512 2384 682 2421 metus
705 2389 883 2438 spesve
904 2381 1213 2419 mutaverat:
1238 2375 1374 2420 tanta
1396 2374 1637 2423 omnihus
1657 2371 1742 2419 vel

216 2443 278 2491 in*
302 2456 483 2504 regem
504 2440 591 2499 ira,
613 2441 696 2487 vel
715 2438 840 2487 fides
861 2439 993 2487 inter
1012 2438 1153 2503 ipsos
1177 2438 1286 2485 fu‘it.
1357 2438 1741 2500 Stabantigitur

215 2506 288 2557 ad
304 2507 437 2557 fore's
458 2505 722 2555 aedis-eius
734 2541 749 2563 ,
772 2506 825 2553 in
847 2522 944 2569 qua
964 2507 1396 2563 rex'vescebatur‚
1428 2516 1486 2553 ut
1508 2498 1739 2554 convivio

216 2590 485 2638 egressum
523 2574 576 2621 in
617 2571 908 2621 cubiculum
947 2572 1273 2621 deducerent.
1322 2594 1337 2603 ³
1376 2570 1484 2633 sled
1532 2571 1737 2620 fortuna

216 2641 408 2708 ipsius,
446 2642 705 2705 simulque
737 2638 1057 2705 epulantium
1078 2642 1287 2688 comitas
1307 2638 1539 2705 provexit
1556 2652 1737 2689 omnes

1205 2708 1327 2772 Q2
