2084 3009
497 146 567 203 12
920 132 1605 189 svrPLEMENm

493 242 652 296 totius
673 236 918 293 Graeciae
937 236 1182 301 concine,
1224 250 1402 289 contra
1428 238 1609 290 Persas
1640 236 1903 306 (quorum
1936 262 2033 299 era

491 329 554 362 eo
593 322 830 377 tempore
867 322 1135 357 summum
1172 306 1229 355 in
1276 308 1425 357 terris
1476 307 1759 374 imperium
1772 346 1788 373 ,
1830 314 2033 382 quiqu*

491 379 764 431 Graeciam
785 392 934 441 saepe
950 376 1133 423 multis
1154 373 1385 425 cladibus
1406 375 1709 442 afflixerant)
1731 376 2033 447 Impia-ato:

491 459 567 497 est
577 447 884 510 designatus.
939 441 1211 507 Siquidem
1232 454 1378 508 pater
1407 444 1514 492 eius
1550 442 1693 493 idem
1712 444 1930 499 bellum
1948 452 2033 501 in-

489 515 774 573 choaverat,
789 521 958 560 morte
972 521 1149 559 tamen
1159 520 1479 576 praeventus,
1506 512 1881 567 consummare
1897 516 2033 569 haut

487 592 743 650 potuerat.
763 580 825 629 In
843 578 994 628 huius
1013 578 1144 627 belli
1162 588 1407 644 apparatu
1426 578 1709 642 nuntiatur,
1730 578 2033 637 Athenien-

487 667 586 711 ses,
606 648 896 710 Thebanos,
919 658 969 696 et
986 644 1439 707 Lacedaemonios,
1460 646 1535 695 ab
1559 662 1620 696 eo
1641 647 1711 699 ad
1728 646 1918 703 Persas
1938 653 2033 703 de-

487 718 694 779 fecisse,
734 726 1102 779 auctoremque
1154 712 1261 763 eius
1301 711 1602 763 defectionis
1614 750 1629 777 ,
1678 734 1880 783 magno
1923 724 2033 773 auri

487 782 719 851 pondere
739 779 776 833 a'
788 782 953 833 Persis
975 791 1305 846 corumptum,
1324 778 1738 834 Demosthenem
1761 797 2033 839 oratorem

491 852 762 902 exstitisse.
785 849 990 917 Quibus
1009 848 1242 899 motibus
1263 864 1570 899 occursurus
1585 885 1600 912 ,
1620 860 1766 903 tanta
1787 856 2032 906 celerita-

400 950 409 957 κ
490 932 566 982 te,
588 920 840 970 instructo
861 928 1144 983 paratoque
1165 916 1416 980 exercitu,
1453 916 1727 969 Graeciam
1748 926 2029 987 oppressit,

489 998 565 1049 ut,
585 1003 744 1053 quem
757 987 930 1037 venire
950 1001 1060 1034 non
1072 996 1350 1046 senserant,
1370 983 1544 1035 videre
1566 1003 1620 1036 se
1639 988 1727 1039 vix
1740 989 2031 1041 crederent.

420 1105 424 1109 ,
488 1053 556 1105 In
583 1056 802 1104 transitu
834 1053 1066 1102 hortatus
1105 1050 1411 1113 Thessalos,
1450 1053 1827 1106 beneficiorum
1870 1060 2025 1123 patris

491 1122 957 1171 commonefaciens
976 1156 991 1183 ,
1058 1131 1463 1171 commemorata
1520 1122 1677 1171 etiam
1729 1127 1897 1175 veteri
1936 1142 2025 1175 co-

490 1190 732 1255 gnatione
746 1224 761 1251 ,
789 1238 795 1243 ,
820 1204 954 1254 quae
1007 1186 1107 1235 sibi
1153 1202 1274 1235 cum
1326 1188 1431 1237 illis
1480 1205 1573 1255 per
1619 1189 1909 1243 Herculem
1946 1210 2024 1243 es-

491 1268 602 1321 set,
672 1256 1103 1319 sermonibusque
1156 1253 1543 1305 humanissimis
1564 1292 1581 1320 ‚
1636 1268 1699 1307 ut
1751 1276 1946 1325 magua
1994 1279 2021 1309 a

431 1388 449 1392 -
486 1341 546 1375 se
591 1335 855 1391 sperarent
874 1355 914 1385 ,-
937 1338 1213 1391 persuasos
1250 1319 1475 1386 induxit,
1527 1335 1588 1374 ut
1625 1324 1901 1377 communi
1939 1340 2020 1377 to·-

489 1394 591 1443 tius
625 1392 918 1442 Thessaliae
949 1389 1159 1440 decreto
1180 1424 1195 1450 ,
1262 1390 1529 1440 universae
1561 1393 1725 1457 gentis
1746 1393 1860 1444 dux
1878 1413 2032 1447 crea—

488 1471 632 1511 retur
650 1496 664 1523 ,
737 1459 1014 1523 omniaque
1065 1455 1333 1519 vectigalia
1372 1468 1524 1523 atque
1572 1458 1772 1510 reditus
1811 1478 1935 1513 suos
1974 1456 2032 1511 ei³

495 1526 776 1579 traderent.
821 1550 826 1561 ·
862 1524 1029 1573 Tanta
1050 1534 1222 1573 autem
1240 1524 1295 1572 in
1315 1524 1509 1573 iuvene‘
1520 1527 1753 1577 celeritas
1766 1564 1782 1589 ,
1812 1540 2030 1596 tamque,

493 1594 736 1645 effieuin
755 1592 910 1642 rebus
933 1590 1139 1655 agendis
1160 1589 1437 1657 diligentia,
1460 1609 1657 1655 omnes,
1680 1596 1878 1661 quiper
1892 1596 2030 1646 cun-¹

487 1672 720 1712 temtum
737 1660 802 1709 ab
823 1677 885 1709 eo
907 1670 1052 1709 erant
1072 1658 1303 1719 alienati,
1322 1660 1683 1723 perterrefecit.
1724 1660 2009 1714 Athenien-
2026 1692 2028 1730 2

491 1745 575 1780 ses
615 1729 788 1793 itaque
829 1726 980 1776 sicuti
1015 1726 1178 1793 primi
1208 1723 1530 1790 defecerunt,
1572 1728 1642 1778 ita
1674 1731 1835 1780 etiam
1863 1730 2007 1798 primi

489 1796 754 1863 poenitere
775 1805 1077 1860 coeperunt3
1097 1793 1373 1859 pueritiam
1382 1791 1669 1845 Alexandri
1690 1809 1842 1847 antea
1870 1816 2026 1866 spre-¹

491 1877 619 1925 tam,
641 1879 799 1929 supra
818 1862 1064 1912 virtutem
1081 1874 1312 1912 veterum
1323 1860 1518 1912 ducum
1534 1865 1869 1915 extollentes:
1888 1869 2003 1915 mis-

491 1933 666 1997 sisque
683 1930 890 1995 legatis,
928 1930 1131 1979 bellum
1152 1927 1575 1993 deprecabantur.
1596 1931 1805 1997 Quibus
1832 1933 2002 1984 auditis

489 2012 544 2050 et
561 1999 780 2065 graviter
798 1996 1070 2061 increpatis
1083 2030 1097 2058 ,
1138 1995 1341 2045 belltun
1366 1998 1581 2049 remisit.
1600 1998 1665 2049 In
1684 2016 1741 2049 ea
1765 2002 2003 2067 legatione
2021 2052 2022 2061 ἶ

487 2064 900 2117 Demosthenem
922 2080 1129 2129 quoque
1150 2063 1307 2113 fuisse
1326 2064 1525 2127 ferunt,
1578 2066 1673 2116 sed
1693 2084 1817 2118 cum
1836 2067 1996 2118 ceteris
2021 2062 2022 2077 ³

489 2134 556 2187 ad
575 2130 934 2199 Alexandrum
967 2148 1077 2180 non
1095 2130 1353 2196 pervenitz
1392 2130 1653 2199 siquidem
1670 2152 1701 2184 a
1722 2134 1997 2204 Cytherone
2018 2186 2020 2203 4

488 2200 718 2255 Athenas
737 2216 972 2249 reversus
993 2209 1095 2248 est:
1117 2199 1221 2248 sive
1243 2212 1507 2267 correptus
1527 2202 1733 2266 timore,
1756 2202 1897 2269 quod
1907 2203 1993 2252 fre-
2019 2204 2020 2207 ’

489 2281 707 2337 quenter
733 2266 1034 2333 Philippum
1064 2283 1188 2316 cum
1223 2268 1329 2317 suis
1368 2269 1733 2336 vituperasset,
1778 2282 1925 2353 atque
1950 2268 1991 2316 in
2016 2304 2018 2340 1

490 2356 582 2389 sua
601 2335 866 2404 republica
884 2344 1065 2385 contra
1078 2333 1387 2386 Macedones
1404 2338 1561 2389 verba
1580 2338 1811 2397 fecissen
1830 2356 1929 2389 sire
1946 2345 1995 2385 ut

485 2420 543 2457 re
580 2406 594 2453 i
622 2402 898 2455 Persarum
911 2400 964 2467 (a
984 2420 1088 2470 quo
1109 2418 1354 2469 magnam
1372 2406 1483 2455 auri
1503 2422 1782 2467 summam,
1822 2418 1880 2457 ut
1890 2404 1987 2454 Ma·
2014 2440 2017 2465 a

487 2488 546 2525 ee
581 2489 750 2524 onum
788 2487 992 2520 causam
1043 2472 1386 2539 oppugnaret,
1426 2474 1679 2541 accepisse
1722 2467 1985 2533 dicebatur)
2012 2516 2014 2521 .

489 2557 706 2592 omnem
725 2539 790 2589 de
811 2556 865 2589 se
886 2540 1229 2605 suspicionem
1252 2542 1513 2592 eximeret.
1548 2540 1661 2591 Hoc
1682 2560 1885 2609 quoque
1904 2538 1984 2606 ipsi
2013 2582 2014 2586 ,

489 2606 554 2660 ab
573 2605 827 2685 Aescbine
850 2608 1214 2673 exprobratum
1232 2610 1377 2662 aiunt
1387 2628 1402 2676 3
1440 2610 1531 2678 qui
1548 2611 1605 2663 in
1625 2612 1853 2663 oratione
1873 2624 1981 2677 qua-

1996 2890 2009 2964 j
