2084 3009
679 224 1184 287 LIBER1x.
1576 230 1686 288 277

1061 299 1069 320 Ι

167 323 292 393 ripa
311 341 461 374 omne
471 323 780 392 periculum
800 333 910 383 est,
939 324 1055 388 ‘ubi‘
1084 323 1431 390 applicantes
1456 330 1691 398 navigia

165 393 337 452 hostis
357 401 668 460 exspectat.
699 435 704 440 .
737 393 835 440 Ita
865 401 1345 460 quantumcunque
1361 395 1573 460 flumen
1599 399 1690 450 in-

162 461 422 522 tervenit,
461 459 606 510 idem
627 457 886 525 futurum
916 459 1207 509 discrimen
1239 469 1325 508 est
1347 461 1694 512 evadentium

159 523 480 578 in'terram.
539 527 652 576 Sed
689 527 870 576 omnia
909 526 1020 574 ista
1056 543 1198 576 vera
1231 543 1350 576 esse
1376 527 1688 595 fingamus.

167 595 436 645 Utrumne
455 609 556 643 vos
575 593 899 662 magnitudo
928 591 1252 656 belluarum,
1294 610 1369 644 an
1399 594 1692 646 multitudo

159 660 401 712 hostium
441 659 660 709 terret?
731 661 888 728 Quod
912 660 1167 726 pertinet
1226 661 1305 710 ad
1354 661 1693 728 elephantos,

159 744 432 796 praesens
445 725 707 779 habemus
728 727 1032 790 exemplum
1044 746 1062 776 .·
1086 727 1145 777 in
1164 745 1293 778 suos
1303 727 1693 788 vehementius,

161 811 328 862 quam
349 794 408 842 in
428 809 528 842 nos
547 795 927 842 incurrerunt:
965 799 1079 840 tam
1096 805 1259 847 vasta
1278 813 1509 863 corpora
1530 814 1693 848 secu·
1752 801 1759 807 “

163 861 322 918 ribus
328 859 690 930 falcibusque
711 859 970 909 mutilata
990 868 1142 908 sunt.
1220 861 1363 924 Quid
1390 873 1573 913 autem
1600 865 1693 912 in—

164 937 370 988 terest,
411 927 641 976 totidem
661 927 805 984 sint,
843 934 980 994 quot
1008 928 1186 976 Porus
1216 927 1435 987 habuit,
1474 947 1551 978 an
1573 934 1695 981 tria

167 993 386 1045 millia?
444 1011 566 1043 cum
586 1010 692 1047 uno
715 1002 818 1042 aut
837 993 1016 1042 altero
1045 993 1359 1044 vulneratis
1396 1005 1608 1062 ceteros
1638 999 1696 1051 in

161 1062 363 1132 fugam
397 1055 679 1110 declinare
701 1061 1006 1117 videamus.
1074 1061 1293 1111 Deinde
1310 1078 1531 1128 paucos
1560 1081 1697 1132 quo—

163 1148 270 1200 que
291 1124 618 1179 incommode
639 1137 878 1197 regunt.-
900 1137 1251 1198 congregata
1272 1146 1404 1179 vero
1424 1139 1509 1180 tot
1527 1130 1696 1181 millia

165 1201 294 1264 ipsa
315 1215 373 1246 se
392 1195 619 1253 elidunt,
645 1195 738 1243 ubi
757 1210 854 1243 nec
875 1205 1047 1254 stare,
1071 1213 1171 1246 nec
1177 1193 1391 1265 sugere
1408 1199 1697 1264 potuerint

167 1261 444 1315 inhabiles
464 1271 746 1311 vastorum
767 1276 1053 1326 corporum
1071 1262 1257 1312 moles.
1315 1265 1585 1333 Equidem
1616 1267 1697 1315 sic

167 1327 442 1380 animalia
467 1328 582 1376 ista
605 1327 894 1384 contemsi,
919 1337 981 1374 ut
1000 1345 1119 1375 cum
1138 1327 1426 1390 haberem,
1446 1334 1565 1397 ipse
1588 1349 1699 1380 non

168 1395 514 1464 opposuerim
527 1414 551 1450 ,·
573 1392 716 1442 satis
731 1409 983 1459 gnarus,
1010 1392 1149 1458 plus
1168 1395 1311 1456 suis,
1333 1413 1499 1463 quam
1522 1397 1699 1446 hosti-

171 1465 279 1515 bus
301 1459 548 1530 periculi
575 1458 801 1529 inferre.
861 1459 942 1509 At
970 1460 1115 1508 enim
1147 1461 1395 1528 equitum
1412 1463 1699 1529 peditum-

168 1549 278 1600 que
319 1527 610 1579 multitudo
651 1544 746 1577 vos
787 1527 1114 1576 commovet!
1160 1545 1283 1577 cum
1308 1529 1699 1595 paucisfenim

165 1613 433 1667 pugnare
481 1594 636 1646 soliti
671 1594 834 1656 estis,
880 1603 938 1644 et
975 1611 1119 1644 nunc
1161 1595 1399 1662 primum
1446 1597 1699 1659 incondi-

167 1675 291 1716 tam
321 1661 675 1713 sustinebitis
707 1661 940 1712 turham.
1001 1662 1199 1712 Testis.
1220 1663 1497 1714 adversus
1517 1664 1697 1715 multi-

169 1731 418 1782 tudinem
477 1729 673 1779 invi-cti
729 1729 1091 1778 Macedonum
1148 1728 1357 1795 roboris
1420 1733 1695 1782 Granicus

170 1797 370 1859 amnis,
393 1805 447 1846 et
463 1795 656 1846 Cilicia
675 1795 948 1846 inundata
971 1814 1163 1846 cruore
1175 1799 1487 1854 Persarum,
1510 1799 1695 1847 etAr-

165 1864 310 1925 bela,
333 1864 492 1914 cuius
513 1863 698 1930 campi
715 1863 1049 1914 devictorum
1071 1881 1107 1912 a
1126 1864 1280 1925 nobis
1301 1861 1518 1912 ossibus
1536 1873 1697 1914 stra-

166 1934 221 1985 ti
239 1940 388 1982 sunt.
435 1932 566 1992 Sero
587 1929 821 1980 hostium
845 1929 1095 2000 legiones
1115 1945 1396 1979 numerare
1417 1931 1696 1996 coepistis,

76 2025 90 2030 -
166 2007 469 2066 postquam
499 1996 850 2048 solitudinem
881 2001 938 2046 in
969 1995 1111 2044 Asia
1148 1995 1419 2044 vincendo
1433 1993 1667 2062 fecistis
1682 2019 1697 2046 .-

173 2081 302 2116 cum
313 2080 416 2130 per
443 2063 855 2132 Hellespontum
873 2062 1287 2130 navigaremus,
1320 2061 1387 2110 de
1397 2063 1697 2128 paucitate

171 2136 370 2184 nostra
393 2131 740 2196 cogitandum
751 2129 891 2196 fuit.
911 2130 1071 2178 Nunc
1092 2145 1193 2176 nos
1204 2128 1441 2193 Scythae
1453 2145 1697 2198 sequun—

172 2209 275 2250 tur
283 2217 310 2256 ,·
329 2197 638 2246 Bactriana
649 2195 866 2246 aua-ilia
867 2204 1104 2264 praesto
1114 2203 1273 2256 sunt,·
1290 2195 1697 2265 DahaeSogdffi·

172 2265 382 2334 unique
397 2263 542 2311 inter
553 2279 653 2311 nos
665 2262 920 2313 militant.
939 2264 1053 2312 Nec
1064 2272 1246 2311 tamen
1267 2261 1351 2312 illi
1360 2262 1556 2314 turbae
1570 2282 1695 2315 con·-

171 2333 305 2400 fido.
330 2331 560 2381 Vestras
580 2346 772 2380 manus
791 2331 1010 2379 intueor
1018 2350 1044 2388 ,·
1064 2339 1307 2380 vestram
1326 2330 1579 2381 virtutem
1602 2350 1697 2381 re-

131 2459 142 2464 ,
175 2417 314 2462 rum,
356 2415 501 2466 quas
565 2406 785 2447 esturus
806 2415 952 2458 sum,
988 2395 1187 2446 vadem
1198 2396 1569 2466 praedemque
1588 2398 1695 2447 ha-

181 2466 298 2517 beo.
322 2467 496 2533 Quam
533 2465 590 2513 iu
601 2463 877 2514 vobiscum
898 2463 956 2511 in
975 2462 1095 2512 acie
1117 2461 1414 2522 stabo,.nec
1434 2481 1581 2514 meos
1600 2470 1697 2516 nee
1754 2515 1763 2528 ,

182 2533 418 2584 hostium
439 2531 715 2582 exercitus
746 2546 1135 2580 numeravero:
1175 2547 1275 2581 vos
1306 2530 1459 2579 modo
1487 2531 1697 2582 animos

185 2597 318 2653 mihi
326 2599 522 2665 plenos
541 2597 862 2648 alacritatis
883 2595 1206 2662 acfiduciae
1234 2595 1507 2650 adhibete.
1572 2600 1699 2649 Non

187 2667 248 2716 in
281 2665 463 2718 limine
502 2683 726 2734 operum
761 2663 1109 2734 laborumque
1146 2673 1483 2728 nostrorum,
1521 2667 1697 2718 sedin
