2084 3009
1353 36 1374 53 ἱ

575 86 917 141 LIBER
981 88 1160 140 VIII.
1487 93 1629 151 ’235

80 206 97 227 ⁸
116 199 163 235 ta
181 183 450 235 identidem
472 189 749 239 muliebres
770 186 1009 240 a'dhibere
1018 189 1312 254 blanditias,
1332 200 1393 243 ut
1403 192 1628 244 tandem

115 255 303 326 Fugam
322 253 575 315 sisteret,
596 256 929 327 victorisque
948 256 1265 307 Alexandri
1283 258 1631 311 clementiam

116 330 381 387 expertus,
395 322 655 389 placaret
676 340 830 393 quem
850 323 1106 394 effugere
1128 340 1239 373 non
1247 335 1464 392 posset.
1499 326 1628 379 Tres

115 382 265 437 adulti
288 402 429 440 erant
446 390 594 439 liberi
616 408 678 439 ex
698 408 757 439 eo
812 392 955 444 eniti:
1014 408 1144 457 quos
1167 409 1288 441 cum
1319 395 1514 457 pectori
1569 414 1628 445 a-

115 455 201 504 tris
232 454 564 519 admovisset,
606 463 669 506 ut
699 474 763 507 sa
788 467 898 507 tem
928 474 1118 509 eorum
1153 458 1410 509 misereri
1445 413 1567 511 vellJ

110 522 303 585 orahat3
345 536 395 573 et
415 542 519 588 quo
542 524 843 575 efficaciores
866 538 1037 575 essent
1051 543 1260 594 preces,
1290 526 1428 575 haud
1445 530 1629 593 procul

1555 471 1628 519 et,
1658 506 1664 512 .

108 602 213 641 erat
228 588 537 641 Alexander.
638 591 732 641 Ille
753 609 807 643 se
824 592 1001 659 prodi,
1022 610 1132 643 non
1151 593 1354 645 moneri
1374 606 1539 655 ratus,
1580 608 1630 645 et
1711 618 1718 625 ·

103 658 297 707 formae
351 658 547 708 rofecto
568 654 751 709 fiducia
772 676 957 725 cupere
976 676 1092 709 eam
1109 662 1496 727 quamprimum
1507 660 1628 711 dedi

102 721 299 775 Alexan
337 744 415 789 ro,
427 728 686 789 acinacem
702 728 923 789 strinxit,
938 743 1271 793 percussurus
1283 731 1626 790 uxorem,n·isi

102 790 388 859 prohibitus
408 806 541 844 esset
561 795 779 845 fratrum
800 796 907 845 eius
928 812 1160 845 occursu.
1206 794 1448 845 Ceterum
1469 795 1625 846 abire

102 868 395 929 conspeetu
415 863 584 925 iubet3
605 862 781 913 addito
803 874 947 918 metu
962 862 1170 925 mortio,
1183 863 1238 917 si
1245 878 1304 914 se
1315 862 1487 914 oculis
1502 864 1622 928 eius

101 926 423 979 obtulisset.-
484 942 536 979 et
566 929 631 979 ad
660 929 975 981 desiderium
992 930 1274 984 levandum
1291 942 1468 981 noctes
1489 932 1622 979 inter
1645 956 1648 958 Δ

99 996 306 1061 pellices
330 1012 477 1060 agere
498 999 681 1064 coepit.
716 998 824 1049 Sed
843 1000 1048 1064 penitus
1069 997 1282 1049 haerens
1309 1014 1456 1047 amor
1476 998 1626 1047 fasti-

100 1062 187 1112 dio
208 1066 555 1130 praesentium
574 1082 811 1121 accensus
832 1077 926 1116 est.
958 1066 1139 1131 Itaque
1157 1082 1338 1115 rursus
1358 1066 1450 1115 uni
1469 1066 1516 1115 ei
1535 1062 1628 1114 de-

98 1130 261 1193 ditus,
281 1148 425 1181 orare
445 1150 554 1183 non
573 1132 768 1187 destitit
782 1170 799 1198 ,
840 1142 905 1185 ut
923 1132 1034 1185 tali
1049 1132 1280 1185 consilio
1300 1130 1625 1192 abstineret,
1667 1150 1677 1154 ·

94 1206 495 1267 patereturque
515 1209 743 1262 sortem,
818 1218 1152 1271 uamcunque
1176 1202 1256 1253 eis
1265 1199 1505 1267 fortuna
1516 1197 1628 1268 fe-

99 1264 286 1314 cis-set.
356 1264 478 1319 Sibi
494 1275 719 1317 mortem
788 1268 1028 1321 editione
1060 1284 1184 1319 esse
1213 1267 1488 1318 leviorem.
1555 1265 1626 1315 At

100 1333 191 1381 illa
210 1347 428 1397 purgare
449 1348 519 1391 se,
543 1334 692 1399 quod
710 1350 855 1401 quae
876 1334 1044 1383 utilia
1057 1350 1180 1384 esse
1202 1332 1483 1390 censebat,
1503 1349 1618 1381 mu·

95 1396 344 1449 liebriter
347 1395 625 1466 forsitan,
646 1400 752 1449 sed
762 1398 886 1463 fida
894 1409 1080 1450 tamen
1091 1402 1288 1462 mente,
1309 1398 1624 1453 suasisset,-

94 1465 167 1516 de
188 1474 370 1517 cetero
382 1462 641 1531 futurum
660 1465 721 1517 in
740 1466 855 1518 viri
872 1474 1184 1535 potestate.
1287 1464 1626 1531 Spitamenes,

90 1534 335 1583 simulato
359 1544 535 1600 captus
558 1536 823 1601 obsequio,
846 1534 911 1585 de
924 1533 1007 1585 die
1026 1530 1344 1584 convivium
1356 1532 1630 1600 apparari

89 1602 267 1663 iubet3
302 1601 528 1666 vinoque
550 1614 600 1651 et
620 1603 782 1670 epulis
814 1604 1005 1667 gravis,
1037 1603 1382 1651 semisomnus
1403 1602 1458 1650 in
1479 1600 1628 1649 cubi-

93 1669 277 1720 culum
296 1667 475 1718 fertur.
563 1670 737 1736 Quem
755 1680 815 1719 ut
832 1671 939 1721 alto
961 1680 1012 1719 et
1034 1670 1175 1733 gravi
1194 1683 1381 1719 somno
1401 1667 1625 1733 sopitum
1695 1701 1712 1710 -

88 1752 205 1787 esse
225 1734 381 1784 sensit
408 1752 567 1797 uxor,
608 1736 865 1801 gladium,
907 1753 1068 1801 quem
1096 1749 1235 1786 veste
1267 1736 1623 1796 occultaverat,

84 1802 325 1868 stringit,
363 1814 617 1867 caputque
658 1804 765 1853 eius
803 1803 1114 1867 abscissum,
1155 1820 1335 1854 cruore
1375 1819 1622 1867 respersa,

82 1887 242 1923 servo
269 1886 363 1919 suo
388 1872 591 1919 conscio
612 1871 849 1921 facinoris
868 1868 1041 1919 tradit.
1109 1870 1312 1921 Eodem
1332 1871 1622 1930 comitante,

86 1939 229 1990 sicut
249 1948 355 1987 erat
376 1949 583 1987 cruenta
602 1950 757 2002 veste,
776 1937 1188 1989 inMacedonum
1201 1950 1361 1988 castra
1372 1937 1622 2003 pervenit,

85 2006 417 2069 nuntiarique
437 2002 731 2056 Alexandro
754 2007 923 2068 iubet,
956 2020 1103 2063 esse,
1127 2022 1269 2073 quae
1289 2018 1356 2053 ex
1376 2003 1503 2070 szsa
1523 2000 1622 2051 de—

85 2072 257 2125 beret
295 2086 645 2139 cognoseere.
711 2072 807 2123 Ille
840 2072 1101 2139 protinus
1143 2070 1438 2122 barbaram
1475 2069 1622 2119 iussit

80 2136 333 2190 admitti.
390 2137 563 2203 Quam
582 2151 642 2190 ut
661 2139 958 2206 adspersam
979 2156 1161 2189 cruore
1183 2137 1460 2203 conspexit,
1481 2146 1621 2184 ratus

76 2204 158 2258 ad
197 2204 578 2272 deplorandam
613 2208 982 2258 contumeliam
1014 2207 1214 2255 venisse
1255 2203 1438 2253 dicere
1477 2218 1620 2270 quae

78 2270 456 2341 vellethiubet.
521 2272 597 2323 At
612 2276 701 2323 illa
722 2290 959 2333 servum,
981 2289 1142 2337 quem
1161 2284 1293 2321 stare
1311 2272 1368 2320 in
1385 2271 1620 2320 vestibu-

74 2346 139 2392 lo
171 2342 417 2402 iusserat,
460 2338 744 2391 introduci
779 2338 1099 2390 desideravit.
1167 2339 1272 2403 Qui
1310 2338 1430 2402 qula
1469 2341 1616 2400 caput

74 2409 407 2473 Spitamenis
426 2421 563 2459 veste
584 2420 779 2457 tectum
800 2408 1047 2467 habebat3
1102 2416 1361 2470 suspectus
1381 2414 1616 2453 cenitan-

74 2476 251 2535 tibus,
274 2475 402 2539 quid
426 2477 703 2536 occuleret,
726 2474 963 2523 ostendit.
1067 2470 1382 2521 Confuderat
1401 2469 1504 2517 oris
1526 2483 1614 2516 ex·

70 2542 289 2606 sanguis
301 2555 449 2593 notas
468 2544 655 2609 pallor,
674 2559 770 2593 nec
790 2542 903 2607 quis
926 2551 1074 2604 esset,
1094 2540 1238 2591 nosci
1257 2538 1378 2589 satis
1398 2544 1597 2602 poterat

840 2628 855 2647 ί
