2084 3009
621 144 720 199 LI
754 148 791 198 B
829 147 952 223 ER
1019 148 1195 203 v111.
1360 136 1392 153 ‘·
1574 162 1677 219 265

129 256 362 305 fecerat:
383 257 681 315 gravesque,
703 263 753 299 et
771 252 1155 319 propemodum
1180 252 1472 307 immobiles
1495 272 1674 309 cum-us

129 323 326 372 illuvie
359 332 411 369 et
428 320 754 382 voraginibus
795 319 1083 370 haerebanta
1154 319 1345 373 Contra
1383 320 1675 377 Alexander

136 388 393 455 expedito
416 402 472 435 ac
491 386 592 435 levi
613 387 821 451 agmine
830 399 1037 437 strenue
1061 390 1287 439 invectus
1309 402 1399 440 est.
1458 390 1675 457 Scythae

138 468 202 507 et
224 456 400 505 Dahae
439 454 595 518 primi
635 454 870 502 omnium
909 454 1135 505 invasere
1158 455 1339 507 Indos:
1376 456 1681 522 Perdiccam,

137 522 336 573 deinde
358 537 479 571 cum
499 521 752 586 equitibus
773 521 826 569 in
846 520 1089 573 dextrum
1112 540 1272 573 cornu
1288 525 1519 573 bostium
1543 527 1677 575 emi·

137 593 229 640 sit.
284 589 400 639 Iam
419 587 645 653 undique
667 604 836 653 pugna
859 606 910 637 se
930 590 1189 650 nioverat'3
1222 608 1343 641 cum
1362 592 1396 639 ii
1409 628 1423 654 ,
1444 592 1533 656 qui
1556 610 1674 641 cur-

137 673 233 707 rus
275 657 519 721 agebant,
563 656 696 705 illud
725 657 971 705 ultimum
1015 656 1269 711 auxilium
1306 670 1522 710 suorum
1561 661 1683 722 rati,-

135 725 320 775 ess'usis
346 722 556 771 habenis
588 724 639 770 iu
661 722 896 772 medium
916 722 1191 773 discrimen
1211 744 1359 775 ruere
1382 738 1672 793 coeperunt.

137 791 353 857 Anceps
377 789 432 838 id
450 792 649 838 malum
671 790 899 855 utrisque
931 802 1064 840 erat:
1102 809 1225 841 nam
1246 805 1295 842 et
1323 792 1669 845 Macedonum

133 859 342 927 pedites
365 858 536 923 primo
555 858 752 922 i‘mpetu
778 859 1165 920 obterebantur3
1199 870 1247 909 et
1266 878 1357 927 per
1376 861 1571 909 lubrica
1592 873 1671 911 at·-

137 944 246 993 que
268 926 404 974 invia
427 924 648 975 immissi
670 941 844 975 currus
868 926 1191 975 excutiebant
1212 944 1313 988 eos,
1336 946 1363 975 a
1386 928 1569 991 quibus
1587 946 1673 977 re-

135 995 414 1059 gebantur.
454 989 697 1041 Aliorum
717 994 906 1041 turbati
928 994 1044 1058 equi
1066 1011 1173 1042 non
1192 995 1245 1043 iu
1264 995 1530 1057 voragines
1547 1011 1673 1044 ‚mo-

135 1062 212 1109 <lo
235 1063 577 1123 lacunasque,
637 1058 728 1109 sed
749 1062 904 1114 etiam
944 1062 996 1109 in
1038 1078 1248 1111 amnem
1276 1062 1674 1129 praecipitavere

137 1128 418 1176 curricula.
475 1124 628 1175 Pauci
645 1140 820 1177 tamen
840 1128 1071 1177 hostium
1090 1138 1238 1179 tenus
1259 1129 1417 1178 exacti
1438 1140 1675 1195 penetra-

135 1212 260 1244 vere
284 1193 349 1241 ad
372 1192 568 1242 Porum
588 1195 830 1243 acerrime
852 1212 1079 1260 pugnam
1100 1196 1337 1245 cientem.
1383 1196 1459 1257 Is,
1484 1207 1542 1244 ut
1564 1195 1681 1245 dis-'

132 1264 336 1328 sipatos
360 1272 468 1309 tota
495 1261 608 1309 acie-
631 1278 810 1310 currus
847 1262 1018 1324 vagari
1062 1263 1169 1310 sine
1206 1264 1491 1313 rectoribus
1528 1262 1673 1319 vidit,

131 1328 400 1395 proximis
427 1330 714 1376 amicorum
754 1328 1010 1375 distribuit
1070 1328 1381 1393 elephantos.
1446 1328 1571 1376 Post
1590 1345 1675 1376 eos

131 1406 392 1463 posuerat
410 1394 616 1460 pedites·
630 1412 687 1443 ac
708 1394 993 1457 sagittarios
1014 1404 1255 1459 tympana
1269 1396 1469 1458 pulsare
1482 1394 1675 1443 solitos.

127 1464 203 1513 Id
223 1481 322 1529 pro
345 1474 496 1510 cantu
516 1461 759 1510 tubarum
780 1460 922 1509 Indis
953 1472 1083 1509 erat:
1122 1478 1218 1509 nec
1248 1461 1459 1527 strepitu
1492 1468 1704 1518 eorum,

127 1531 511 1589 movebantur,
545 1530 672 1579 olim
694 1528 758 1577 ad
779 1539 962 1576 notum
983 1544 1171 1577 sonum
1190 1528 1395 1577 auribus
1416 1526 1677 1593 mitigatis.

121 1598 382 1648 Herculis
395 1594 729 1645 sImulacrnm
741 1596 930 1661 agmini
943 1594 1179 1660 peditum
1192 1594 1583 1661 praeferebatur.
1612 1595 1679 1645 Id

126 1666 437 1716 maximum
459 1673 566 1709 erat
584 1664 895 1712 bellantibus
916 1664 1309 1713 incitamentum
1321 1697 1333 1720 ‚
1356 1671 1406 1711 et
1424 1662 1675 1713 deseruis-

127 1752 188 1785 se
213 1740 478 1797 gestantes
497 1729 717 1779 militare
738 1728 991 1792 flagitium
1003 1729 1298 1779 habebatur.
1319 1728 1505 1796 Capitis
1520 1732 1674 1783 etiam

125 1806 418 1852 sanxerant
436 1812 656 1860 poenam
677 1798 758 1859 iis,
782 1796 867 1861 qui
890 1812 952 1845 ex
972 1798 1077 1847 acie
1099 1815 1203 1847 non
1222 1798 1535 1861 retulissent3
1556 1816 1675 1849 me·-

113 1880 218 1930 *tu‚
279 1880 441 1929 quem
461 1872 523 1911 ‘ex
543 1863 634 1913 illo
664 1864 804 1913 hoste
825 1863 1085 1929 quondam
1109 1878 1471 1932 conceperant,
1518 1868 1673 1915 etiam

131 1937 186 1985 in
206 1933 531 1997 religionem.
543 1934 1022 1997 venerationemque
1045 1950 1311 1997 conyerso.
1356 1932 1668 1981 Macedonas

135 2020 245 2051 non
287 1999 584 2049 belluarum
611 2000 800 2060 modo,
841 1999 1119 2055 sed-etiam
1150 2000 1308 2064 ipsius
1327 2000 1463 2061 regis
1484 1997 1664 2063 adspe-

136 2082 271 2130 ctus,
285 2065 808 2134 parumperi'nbibui't,
836 2065 1036 2115 Belluae
1052 2066 1327 2129 dispositae
1349 2066 1477 2112 inter
1499 2064 1672 2113 arma-

137 2148 217 2186 tos
251 2134 478 2201 speciem
498 2136 721 2183 turrium
741 2122 924 2200 proclii
947 2134 1184 2182 fecerant.
1253 2130 1368 2197 Ipse
1386 2129 1547 2181 Porus
1567 2132 1672 2181 bu·

139 2218 323 2253 manae
335 2200 703 2264 magnitudinis
723 2199 1106 2267 propemodum
1129 2208 1411 2251 excesserat
1431 2198 1669 2247 sormam}

141 2268 486 2334 Magnitudini
508 2268 629 2317 Pori
651 2268 864 2317 adiicere
884 2266 1154 2318 videbatur
1172 2265 1347 2313 bellua
1359 2301 1373 2325 ,
1396 2282 1495 2329 qua
1512 2266 1669 2316 vehe-

143 2338 318 2397 batur,
342 2330 546 2385 tantu'fn
565 2336 696 2383 inter
718 2344 906 2383 ceteras
929 2333 1160 2381 eminens
1176 2366 1189 2391 ,
1217 2342 1404 2393 quanto
1429 2333 1539 2380 aliis
1562 2334 1673 2396 ipse

145 2404 454 2469 praestabat..
483 2400 660 2465 Itaque
682 2399 1000 2461 Alexander,
1025 2398 1404 2462 contemplatus
1427 2409 1476 2444 et
1495 2412 1673 2459 regem

147 2484 196 2520 et
217 2488 399 2535 agmen
421 2467 700 2528 Indorum,
727 2466 965 2517 Tandem
979 2502 995 2525 ,
1017 2466 1207 2529 inquit,
1220 2480 1335 2530 par
1355 2460 1535 2513 animo
1556 2478 1697 2517 meo-

141 2534 451 2607 periculum
470 2535 648 2586 video.
702 2535 832 2583 Cum
854 2532 1048 2583 bestiis
1068 2527 1246 2590 sit'nul,
1270 2541 1328 2583 et
1367 2546 1484 2580 cum
1505 2547 1670 2599 egre·-

148 2604 264 2677 giis
299 2604 436 2657 viri-⁵
463 2620 553 2655 res
583 2609 683 2654 est.
748 2598 1063 2668 Intuensque
1096 2600 1335 2665 Coenon,
1378 2599 1503 2651 Cum
1544 2613 1687 2668 egos
