2084 3009
382 165 529 222 280-
898 156 965 223 Q.
1034 154 1374 209 CVRTII

387 259 665 332 Quidquid
701 257 1013 310 mortalitas
1044 274 1240 325 capere
1267 253 1514 323 poterat,
1551 258 1936 326 implevimus,

380 329 629 381 Emensis
652 327 827 378 maria
849 330 1140 394 terrasque
1160 325 1352 375 melius
1373 321 1540 386 nobis,
1573 344 1742 394 quam
1769 329 1936 378 ineo*
1959 358 1968 364 ·

384 398 469 458 lis,
512 396 695 454 omnia
714 404 849 444 nota
870 402 1022 442 sunt.
1093 395 1277 442 Pae'ne
1299 395 1359 442 in
1381 392 1566 441 ultimo
1590 396 1786 443 mundi
1792 395 1936 458 fine

380 464 744 516 consistimus.
812 461 882 510 In
904 459 1074 508 alium
1093 460 1272 509 orbem
1289 476 1468 526 paras
1489 465 1585 522 ire,
1609 472 1666 508 et
1686 463 1933 512 Indiam

380 533 601 603 quaeris
628 529 787 579 Indis
826 545 1035 598 quoque
1075 527 1358 597 ignotam:
1403 528 1548 576 inter
1573 527 1747 595 feras
1791 546 1932 578 ser-

378 608 679 670 pentesque
702 597 970 663 degentes
992 611 1183 644 eruere
1207 612 1276 643 ex
1297 593 1526 643 latebris
1557 603 1612 643 et
1641 594 1930 646 cubilibus

380 666 497 716 suis
516 663 755 731 expetis,
780 673 839 712 ut
851 661 1048 728 plura,
1073 677 1236 730 quam
1255 661 1343 710 sol
1355 661 1538 724 videt,
1557 661 1799 721 victoria
1829 663 1930 724 lu-

378 741 543 782 stres.
594 731 787 798 Digna
802 743 1038 796 prorsus
1061 728 1328 796 cogitatio
1349 728 1532 776 animo
1553 737 1651 777 tuo
1664 749 1689 786 ;
1711 730 1814 778 secl
1833 727 1933 778 al—

378 799 487 849 tior
522 806 727 847 nostro.
790 796 983 846 Virtus
1006 799 1152 846 enim
1171 805 1272 844 tua
1292 811 1505 861 semper
1526 795 1586 844 in
1605 797 1932 846 incremen-

379 876 435 920 to
457 865 565 915 erit
576 885 599 922 ‚·
622 872 816 913 nostra
833 863 920 912 vis
942 863 1001 911 in
1008 864 1131 930 fine
1149 863 1260 911 iam
1281 871 1384 912 est.
1435 863 1658 911 Intuere
1683 880 1932 929 corpora

381 933 723 1001 exsanguia,
756 939 840 979 tot
853 929 1120 996 perfossa
1138 927 1491 992 vulneribus,
1532 938 1616 977 tot
1637 930 1932 979 cicatrici-

382 999 484 1051 bus
495 999 714 1066 putria.
774 997 899 1046 Iam
919 996 1033 1046 tela
1055 995 1279 1047 hebetia
1301 1005 1464 1046 sunt:
1505 996 1619 1044 iam
1640 1013 1806 1045 arma
1827 998 1932 1046 de·-

378 1067 593 1134 ficiunt.
639 1066 881 1112 'Vestem
909 1064 1199 1112 Persicam
1227 1063 1533 1122 induimus,
1569 1065 1712 1130 ‘quia
1731 1064 1932 1114 dome-

379 1133 524 1184 stica
542 1129 776 1179 subvehi
792 1143 900 1175 non
910 1138 1120 1191 potest.
1154 1127 1223 1176 In
1245 1137 1530 1178 externum
1549 1131 1932 1197 degeneravi-

382 1213 498 1249 mus
520 1195 741 1245 cultum.
806 1195 979 1262 Quoto
1000 1196 1193 1264 cuique
1215 1193 1392 1246 lorica
1411 1204 1496 1244 est
1510 1195 1541 1243 Ρ
1565 1197 1692 1263 quis
1719 1215 1931 1264 equum

382 1263 591 1314 habet?
634 1261 756 1312 iube
790 1263 987 1330 quaeri
1016 1291 1030 1322 ,
1073 1278 1236 1331 quam
1264 1261 1462 1311 multos
1493 1263 1644 1312 servi
1675 1263 1931 1329 ipsorum

380 1331 663 1400 persecuti
691 1339 846 1392 sunt,
887 1331 1023 1396 quid
1061 1329 1253 1399 cuique
1294 1331 1540 1396 supersit
1579 1347 1648 1378 ex
1679 1333 1928 1396 praeda.

390 1402 630 1452 Omnium
649 1399 887 1450 victores
896 1435 913 1458 ,
936 1398 1168 1448 omnium
1191 1397 1383 1462 inopes
1400 1413 1596 1446 sumus.
1617 1397 1734 1444 Nec
1756 1397 1934 1448 luxu-

385 1467 475 1514 ria
504 1465 843 1525 laboramus,
888 1467 990 1516 secl
1028 1465 1164 1514 bello
1204 1465 1570 1513 instrumenta
1611 1462 1746 1512 belli
1788 1481 1930 1515 con-

386 1534 693 1582 sumsimus.
762 1535 928 1582 Hunc
948 1542 1009 1581 tu
1021 1530 1452 1598 pulcherrimum
1470 1531 1778 1584 exercitum
1811 1549 1928 1582 nu-

394 1601 521 1650 dum
544 1599 769 1650 obiiczes
791 1599 984 1650 belluis
998 1599 1028 1646 Ρ
1053 1615 1280 1666 quarum
1301 1607 1364 1646 ut
1383 1597 1796 1648 multitudinem
1815 1617 1929 1649 au·-

390 1676 570 1736 geant
590 1668 656 1716 de
679 1668 961 1716 industria
992 1665 1244 1726 barbari,
1287 1681 1551 1736 magnum
1580 1674 1770 1715 tamen
1803 1683 1928 1715 esse

392 1749 673 1783 numerum
711 1738 877 1783 etiam
910 1752 979 1782 ex
1012 1733 1294 1783 mendacio
1335 1731 1606 1801 intelligo-
1691 1735 1850 1799 Quod
1878 1733 1929 1782 si

389 1797 569 1848 adhuc
602 1809 907 1862 penetrare
942 1802 1002 1848 in
1032 1801 1253 1850 Indiam
1284 1808 1493 1848 certum
1521 1807 1606 1848 est
1624 1819 1649 1857 ;
1691 1801 1856 1868 regio
1889 1818 1927 1850 a

392 1863 629 1914 Meridie
652 1864 829 1911 minus
848 1873 1016 1911 ousta
1038 1873 1143 1910 est.
1219 1867 1342 1930 Qua
1363 1865 1594 1916 subacta
1615 1865 1803 1916 licebit
1821 1867 1928 1916 ‹Ie-

393 1946 613 1980 currere
636 1930 694 1978 in
716 1929 861 1978 illud
876 1945 1054 1988 mare,
1088 1931 1234 1996 quod
1251 1929 1418 1978 rebus
1447 1932 1702 1982 humanis
1733 1935 1925 1984 termi-

390 2015 519 2047 num
539 1996 714 2046 voluit
734 2012 849 2046 esse
870 2005 1098 2046 natura.
1171 1997 1280 2045 Cur
1299 1997 1586 2046 circumitu
1611 2001 1763 2064 petis
1788 2000 1923 2068 glo-

387 2079 559 2118 nam,
641 2081 745 2112 uae
770 2064 847 2112 ad
864 2081 1082 2113 manum
1092 2063 1288 2130 posita
1310 2062 1439 2111 est?
1477 2061 1566 2113 hic
1587 2081 1806 2134 quoque
1828 2083 1924 2116 oc·-

361 2167 372 2173 -
388 2129 567 2178 currit
627 2147 851 2179 ceanus.
883 2132 1011 2180 Nisi
1027 2132 1206 2180 mavis
1219 2146 1424 2192 errare,
1433 2133 1800 2198 pervenimus,
1813 2151 1922 2202 quo

389 2203 488 2243 tua
494 2191 736 2260 fortuna
756 2197 931 2247 ducit.
1001 2201 1157 2246 Haec
1179 2207 1373 2258 tecum,
1397 2215 1557 2265 quam
1577 2198 1699 2248 sine
1721 2209 1778 2249 te
1799 2219 1924 2254 oum

390 2259 503 2318 his,
526 2259 678 2329 loqui
696 2262 893 2311 malui:
933 2279 1043 2313 non
1066 2264 1152 2312 uti
1168 2264 1364 2314 inirem
1382 2267 1796 2316 circumstantis
1818 2286 1922 2318 ex-

394 2327 600 2376 ercitus
616 2329 869 2396 gratiam
880 2351 905 2388 ;
942 2331 1045 2378 sed
1063 2339 1126 2377 ut
1148 2347 1328 2379 vocem
1358 2331 1692 2398 loquentium
1713 2336 1924 2399 potius,

312 2445 331 2464 Χ
395 2409 557 2460 quam
571 2403 649 2443 ut·
660 2397 919 2444 tremitum
939 2398 1656 2448 murmurantiumaudires.
1680 2400 1922 2455 Utfinem

394 2461 613 2510 orationi
642 2431 841 2510 &oenus
869 2463 1143 2528 imposuit,
1183 2463 1376 2512 clamor
1405 2465 1633 2530 undique
1656 2483 1778 2516 cum
1795 2471 1922 2534 plo—-

360 2549 367 2556 ⁴
392 2537 507 2574 ratu
527 2531 715 2589 oritur,
738 2545 947 2596 regem,
959 2537 1202 2594 patrem,
1236 2531 1531 2589 dominum,
1577 2535 1800 2585 confusis
1821 2555 1919 2602 ap—

382 2590 697 2657 'venantium
715 2596 944 2644 vocibus,
1000 2595 1223 2662 ‚Iamque
1245 2608 1295 2646 et
1313 2598 1399 2646 alii
1419 2599 1600 2662 duces,
1622 2605 1918 2670 praecipue·

2067 1486 2078 1573 4
