<?xml version="1.0" encoding="UTF-8"?>
<!DOCTYPE html PUBLIC "-//W3C//DTD XHTML 1.0 Transitional//EN"
    "http://www.w3.org/TR/xhtml1/DTD/xhtml1-transitional.dtd">
<html xmlns="http://www.w3.org/1999/xhtml" xml:lang="en" lang="en">
 <head>
  <title>
</title>
<meta http-equiv="Content-Type" content="text/html;charset=utf-8" />
  <meta name='ocr-system' content='tesseract 3.04.00' />
  <meta name='ocr-capabilities' content='ocr_page ocr_carea ocr_par ocr_line ocrx_word'/>
</head>
<body>
  <div class='ocr_page' id='page_1' title='image "./qcurtiirufihist00freigoog_0227.png"; bbox 0 0 2084 3009; ppageno 0'>
   <div class='ocr_carea' id='block_1_1' title="bbox 447 126 1545 244">
    <p class='ocr_par' dir='ltr' id='par_1_1' title="bbox 447 126 1545 244">
     <span class='ocr_line' id='line_1_1' title="bbox 447 126 1545 244; baseline -0.001 -20"><span class='ocrx_word' id='word_1_1' title='bbox 447 184 552 244; x_wconf 78' lang='lat'><strong>220</strong></span> <span class='ocrx_word' id='word_1_2' title='bbox 946 126 1545 242; x_wconf 49' lang='lat' dir='ltr'><strong>acin-121?</strong></span> 
     </span>
    </p>
   </div>
   <div class='ocr_carea' id='block_1_2' title="bbox 420 273 2076 2690">
    <p class='ocr_par' dir='ltr' id='par_1_2' title="bbox 443 273 2076 1280">
     <span class='ocr_line' id='line_1_2' title="bbox 449 273 2076 345; baseline -0.001 -14"><span class='ocrx_word' id='word_1_3' title='bbox 449 294 666 331; x_wconf 80' lang='lat' dir='ltr'><strong>numero</strong></span> <span class='ocrx_word' id='word_1_4' title='bbox 703 274 967 345; x_wconf 82' lang='lat' dir='ltr'><strong>peditum,</strong></span> <span class='ocrx_word' id='word_1_5' title='bbox 1003 288 1056 327; x_wconf 86' lang='lat' dir='ltr'><strong>et</strong></span> <span class='ocrx_word' id='word_1_6' title='bbox 1073 292 1117 325; x_wconf 84' lang='lat' dir='ltr'><strong>n</strong></span> <span class='ocrx_word' id='word_1_7' title='bbox 1136 275 1405 342; x_wconf 74' lang='lat' dir='ltr'><strong>&#39;equi-tibus</strong></span> <span class='ocrx_word' id='word_1_8' title='bbox 1444 274 1601 325; x_wconf 69' lang='lat' dir='ltr'><strong>venit.</strong></span> <span class='ocrx_word' id='word_1_9' title='bbox 1672 273 1991 328; x_wconf 67' lang='lat' dir='ltr'><strong>Totidem=e</strong></span> <span class='ocrx_word' id='word_1_10' title='bbox 2074 288 2076 291; x_wconf 55' lang='lat'><strong>⁴</strong></span> 
     </span>
     <span class='ocr_line' id='line_1_3' title="bbox 449 340 1993 417; baseline -0.001 -20"><span class='ocrx_word' id='word_1_11' title='bbox 449 349 598 417; x_wconf 77' lang='lat' dir='ltr'><strong>Syria</strong></span> <span class='ocrx_word' id='word_1_12' title='bbox 624 344 1062 411; x_wconf 81' lang='lat' dir='ltr'><strong>Asclepiodorum</strong></span> <span class='ocrx_word' id='word_1_13' title='bbox 1100 344 1468 409; x_wconf 78' lang='lat' dir='ltr'><strong>sequebantur:</strong></span> <span class='ocrx_word' id='word_1_14' title='bbox 1494 340 1776 407; x_wconf 73' lang='lat' dir='ltr'><strong>Antipater</strong></span> <span class='ocrx_word' id='word_1_15' title='bbox 1814 342 1993 396; x_wconf 82' lang='lat' dir='ltr'><strong>Grae—</strong></span> 
     </span>
     <span class='ocr_line' id='line_1_4' title="bbox 443 411 1995 477; baseline -0.002 -12"><span class='ocrx_word' id='word_1_16' title='bbox 443 432 632 465; x_wconf 76' lang='lat' dir='ltr'><strong>corum</strong></span> <span class='ocrx_word' id='word_1_17' title='bbox 662 429 768 462; x_wconf 80' lang='lat' dir='ltr'><strong>vn1</strong></span> <span class='ocrx_word' id='word_1_18' title='bbox 795 414 988 472; x_wconf 87' lang='lat' dir='ltr'><strong>millia,</strong></span> <span class='ocrx_word' id='word_1_19' title='bbox 1029 413 1083 460; x_wconf 88' lang='lat' dir='ltr'><strong>in</strong></span> <span class='ocrx_word' id='word_1_20' title='bbox 1104 415 1221 476; x_wconf 86' lang='lat' dir='ltr'><strong>quis</strong></span> <span class='ocrx_word' id='word_1_21' title='bbox 1252 426 1288 461; x_wconf 80' lang='lat' dir='ltr'><strong>n</strong></span> <span class='ocrx_word' id='word_1_22' title='bbox 1321 411 1513 477; x_wconf 77' lang='lat' dir='ltr'>equites</span> <span class='ocrx_word' id='word_1_23' title='bbox 1553 421 1726 473; x_wconf 78' lang='lat' dir='ltr'><strong>erant,</strong></span> <span class='ocrx_word' id='word_1_24' title='bbox 1760 414 1995 462; x_wconf 81' lang='lat' dir='ltr'><strong>miserat.</strong></span> 
     </span>
     <span class='ocr_line' id='line_1_5' title="bbox 449 476 1995 548; baseline -0.002 -15"><span class='ocrx_word' id='word_1_25' title='bbox 449 483 626 548; x_wconf 86' lang='lat' dir='ltr'><strong>Itaque</strong></span> <span class='ocrx_word' id='word_1_26' title='bbox 659 482 881 531; x_wconf 84' lang='lat' dir='ltr'><strong>exercitu</strong></span> <span class='ocrx_word' id='word_1_27' title='bbox 915 490 1091 539; x_wconf 85' lang='lat' dir='ltr'><strong>aucto,</strong></span> <span class='ocrx_word' id='word_1_28' title='bbox 1122 477 1189 527; x_wconf 88' lang='lat' dir='ltr'><strong>ad</strong></span> <span class='ocrx_word' id='word_1_29' title='bbox 1214 481 1272 527; x_wconf 74' lang='lat' dir='ltr'><strong>ea</strong></span> <span class='ocrx_word' id='word_1_30' title='bbox 1302 495 1434 543; x_wconf 87' lang='lat' dir='ltr'><strong>quae</strong></span> <span class='ocrx_word' id='word_1_31' title='bbox 1466 476 1755 527; x_wconf 79' lang='lat' dir='ltr'><strong>desectione</strong></span> <span class='ocrx_word' id='word_1_32' title='bbox 1783 480 1995 530; x_wconf 85' lang='lat' dir='ltr'><strong>turbata</strong></span> 
     </span>
     <span class='ocr_line' id='line_1_6' title="bbox 449 545 1997 613; baseline -0.003 -12"><span class='ocrx_word' id='word_1_33' title='bbox 449 561 619 612; x_wconf 82' lang='lat' dir='ltr'><strong>erant,</strong></span> <span class='ocrx_word' id='word_1_34' title='bbox 643 546 1002 613; x_wconf 85' lang='lat' dir='ltr'><strong>componenda</strong></span> <span class='ocrx_word' id='word_1_35' title='bbox 1020 546 1292 611; x_wconf 88' lang='lat' dir='ltr'><strong>processit;</strong></span> <span class='ocrx_word' id='word_1_36' title='bbox 1331 545 1717 609; x_wconf 73' lang='lat' dir='ltr'><strong>interfectisque</strong></span> <span class='ocrx_word' id='word_1_37' title='bbox 1750 558 1997 596; x_wconf 84' lang='lat' dir='ltr'><strong>conster-</strong></span> 
     </span>
     <span class='ocr_line' id='line_1_7' title="bbox 450 610 1993 679; baseline -0.003 -13"><span class='ocrx_word' id='word_1_38' title='bbox 450 617 670 667; x_wconf 75' lang='lat' dir='ltr'><strong>nationis</strong></span> <span class='ocrx_word' id='word_1_39' title='bbox 691 614 986 664; x_wconf 88' lang='lat' dir='ltr'><strong>auctoribus</strong></span> <span class='ocrx_word' id='word_1_40' title='bbox 1000 647 1016 672; x_wconf 88' lang='lat'><strong>,</strong></span> <span class='ocrx_word' id='word_1_41' title='bbox 1050 624 1229 677; x_wconf 85' lang='lat' dir='ltr'><strong>quarto</strong></span> <span class='ocrx_word' id='word_1_42' title='bbox 1251 612 1334 661; x_wconf 76' lang='lat' dir='ltr'><strong>die</strong></span> <span class='ocrx_word' id='word_1_43' title='bbox 1355 612 1423 660; x_wconf 81' lang='lat' dir='ltr'><strong>ad</strong></span> <span class='ocrx_word' id='word_1_44' title='bbox 1440 614 1639 661; x_wconf 87' lang='lat' dir='ltr'><strong>flumen</strong></span> <span class='ocrx_word' id='word_1_45' title='bbox 1665 610 1845 661; x_wconf 85' lang='lat' dir='ltr'><strong>Oxum</strong></span> <span class='ocrx_word' id='word_1_46' title='bbox 1862 632 1993 679; x_wconf 85' lang='lat' dir='ltr'><strong>per-</strong></span> 
     </span>
     <span class='ocr_line' id='line_1_8' title="bbox 453 678 1992 747; baseline -0.002 -13"><span class='ocrx_word' id='word_1_47' title='bbox 453 695 665 734; x_wconf 78' lang='lat' dir='ltr'><strong>ventum</strong></span> <span class='ocrx_word' id='word_1_48' title='bbox 685 694 778 732; x_wconf 88' lang='lat' dir='ltr'><strong>est.</strong></span> <span class='ocrx_word' id='word_1_49' title='bbox 844 681 943 729; x_wconf 88' lang='lat' dir='ltr'><strong>Hic</strong></span> <span class='ocrx_word' id='word_1_50' title='bbox 962 682 1079 746; x_wconf 78' lang='lat' dir='ltr'><strong>quia</strong></span> <span class='ocrx_word' id='word_1_51' title='bbox 1098 682 1287 729; x_wconf 88' lang='lat' dir='ltr'><strong>limum</strong></span> <span class='ocrx_word' id='word_1_52' title='bbox 1304 679 1469 741; x_wconf 73' lang='lat' dir='ltr'><strong>vehit,</strong></span> <span class='ocrx_word' id='word_1_53' title='bbox 1506 678 1749 728; x_wconf 89' lang='lat' dir='ltr'><strong>turbidus</strong></span> <span class='ocrx_word' id='word_1_54' title='bbox 1780 697 1992 747; x_wconf 83' lang='lat' dir='ltr'>semper</span> 
     </span>
     <span class='ocr_line' id='line_1_9' title="bbox 451 746 1991 814; baseline -0.001 -15"><span class='ocrx_word' id='word_1_55' title='bbox 451 763 503 799; x_wconf 82' lang='lat' dir='ltr'><strong>et</strong></span> <span class='ocrx_word' id='word_1_56' title='bbox 521 749 792 799; x_wconf 86' lang='lat' dir='ltr'><strong>insalubris</strong></span> <span class='ocrx_word' id='word_1_57' title='bbox 823 759 901 798; x_wconf 87' lang='lat' dir='ltr'><strong>est</strong></span> <span class='ocrx_word' id='word_1_58' title='bbox 943 759 1088 813; x_wconf 89' lang='lat' dir='ltr'><strong>potu.</strong></span> <span class='ocrx_word' id='word_1_59' title='bbox 1155 748 1327 811; x_wconf 85' lang='lat' dir='ltr'><strong>ltaque</strong></span> <span class='ocrx_word' id='word_1_60' title='bbox 1358 757 1541 814; x_wconf 87' lang='lat' dir='ltr'><strong>puteos</strong></span> <span class='ocrx_word' id='word_1_61' title='bbox 1560 746 1712 795; x_wconf 89' lang='lat' dir='ltr'><strong>miles</strong></span> <span class='ocrx_word' id='word_1_62' title='bbox 1746 760 1991 814; x_wconf 86' lang='lat' dir='ltr'><strong>coeperat</strong></span> 
     </span>
     <span class='ocr_line' id='line_1_10' title="bbox 451 813 1990 877; baseline -0.001 -11"><span class='ocrx_word' id='word_1_63' title='bbox 451 816 644 875; x_wconf 78' lang='lat' dir='ltr'><strong>fodere.</strong></span> <span class='ocrx_word' id='word_1_64' title='bbox 714 816 824 865; x_wconf 85' lang='lat' dir='ltr'><strong>Nec</strong></span> <span class='ocrx_word' id='word_1_65' title='bbox 855 826 1029 865; x_wconf 85' lang='lat' dir='ltr'><strong>tamen</strong></span> <span class='ocrx_word' id='word_1_66' title='bbox 1061 815 1222 863; x_wconf 89' lang='lat' dir='ltr'><strong>humo</strong></span> <span class='ocrx_word' id='word_1_67' title='bbox 1244 816 1351 863; x_wconf 85' lang='lat' dir='ltr'><strong>alte</strong></span> <span class='ocrx_word' id='word_1_68' title='bbox 1380 824 1547 877; x_wconf 83' lang='lat' dir='ltr'><strong>egesta</strong></span> <span class='ocrx_word' id='word_1_69' title='bbox 1578 813 1857 864; x_wconf 79' lang='lat' dir='ltr'><strong>exsistebat</strong></span> <span class='ocrx_word' id='word_1_70' title='bbox 1886 814 1990 864; x_wconf 84' lang='lat' dir='ltr'><strong>bu-</strong></span> 
     </span>
     <span class='ocr_line' id='line_1_11' title="bbox 453 882 1991 948; baseline -0.001 -15"><span class='ocrx_word' id='word_1_71' title='bbox 453 900 598 947; x_wconf 57' lang='lat' dir='ltr'><strong>mom</strong></span> <span class='ocrx_word' id='word_1_72' title='bbox 636 898 760 932; x_wconf 86' lang='lat' dir='ltr'><strong>cum</strong></span> <span class='ocrx_word' id='word_1_73' title='bbox 777 883 832 931; x_wconf 89' lang='lat' dir='ltr'><strong>in</strong></span> <span class='ocrx_word' id='word_1_74' title='bbox 853 884 962 948; x_wconf 88' lang='lat' dir='ltr'><strong>ipso</strong></span> <span class='ocrx_word' id='word_1_75' title='bbox 1001 883 1331 931; x_wconf 86' lang='lat' dir='ltr'><strong>tabernaculo</strong></span> <span class='ocrx_word' id='word_1_76' title='bbox 1370 882 1507 945; x_wconf 84' lang='lat' dir='ltr'><strong>regis</strong></span> <span class='ocrx_word' id='word_1_77' title='bbox 1552 892 1860 946; x_wconf 81' lang='lat' dir='ltr'><strong>conspectus</strong></span> <span class='ocrx_word' id='word_1_78' title='bbox 1913 896 1991 932; x_wconf 85' lang='lat' dir='ltr'><strong>est</strong></span> 
     </span>
     <span class='ocr_line' id='line_1_12' title="bbox 451 946 1989 1016; baseline -0.001 -15"><span class='ocrx_word' id='word_1_79' title='bbox 451 952 566 1001; x_wconf 77' lang='lat' dir='ltr'><strong>fons</strong></span> <span class='ocrx_word' id='word_1_80' title='bbox 585 985 599 1013; x_wconf 90' lang='lat'><strong>,</strong></span> <span class='ocrx_word' id='word_1_81' title='bbox 640 966 798 1016; x_wconf 87' lang='lat' dir='ltr'><strong>quem</strong></span> <span class='ocrx_word' id='word_1_82' title='bbox 817 950 936 1015; x_wconf 89' lang='lat' dir='ltr'><strong>quia</strong></span> <span class='ocrx_word' id='word_1_83' title='bbox 953 949 1099 999; x_wconf 85' lang='lat' dir='ltr'><strong>tarde</strong></span> <span class='ocrx_word' id='word_1_84' title='bbox 1115 958 1414 1007; x_wconf 72' lang='lat' dir='ltr'><strong>notaverant</strong></span> <span class='ocrx_word' id='word_1_85' title='bbox 1435 983 1450 1009; x_wconf 91' lang='lat'><strong>,</strong></span> <span class='ocrx_word' id='word_1_86' title='bbox 1482 946 1665 997; x_wconf 74' lang='lat' dir='ltr'><strong>subito</strong></span> <span class='ocrx_word' id='word_1_87' title='bbox 1694 946 1989 999; x_wconf 63' lang='lat' dir='ltr'><strong>exstitisse</strong></span> 
     </span>
     <span class='ocr_line' id='line_1_13' title="bbox 450 1014 1993 1082; baseline -0.002 -14"><span class='ocrx_word' id='word_1_88' title='bbox 450 1020 719 1068; x_wconf 70' lang='lat' dir='ltr'><strong>finxerunt.</strong></span> <span class='ocrx_word' id='word_1_89' title='bbox 784 1018 994 1082; x_wconf 78' lang='lat' dir='ltr'><strong>Rexque</strong></span> <span class='ocrx_word' id='word_1_90' title='bbox 1023 1019 1133 1081; x_wconf 84' lang='lat' dir='ltr'><strong>ipse</strong></span> <span class='ocrx_word' id='word_1_91' title='bbox 1154 1014 1295 1065; x_wconf 88' lang='lat' dir='ltr'><strong>credi</strong></span> <span class='ocrx_word' id='word_1_92' title='bbox 1322 1015 1511 1075; x_wconf 81' lang='lat' dir='ltr'><strong>voluit,</strong></span> <span class='ocrx_word' id='word_1_93' title='bbox 1551 1014 1757 1064; x_wconf 84' lang='lat' dir='ltr'><strong>donum</strong></span> <span class='ocrx_word' id='word_1_94' title='bbox 1783 1014 1903 1067; x_wconf 75' lang='lat' dir='ltr'><strong>Dei</strong></span> <span class='ocrx_word' id='word_1_95' title='bbox 1931 1015 1993 1067; x_wconf 74' lang='lat' dir='ltr'><strong>id</strong></span> 
     </span>
     <span class='ocr_line' id='line_1_14' title="bbox 450 1080 1991 1149; baseline 0 -16"><span class='ocrx_word' id='word_1_96' title='bbox 450 1084 643 1134; x_wconf 72' lang='lat' dir='ltr'><strong>fuisse.</strong></span> <span class='ocrx_word' id='word_1_97' title='bbox 711 1084 975 1149; x_wconf 77' lang='lat' dir='ltr'><strong>Superatis</strong></span> <span class='ocrx_word' id='word_1_98' title='bbox 995 1081 1185 1133; x_wconf 85' lang='lat' dir='ltr'><strong>deinde</strong></span> <span class='ocrx_word' id='word_1_99' title='bbox 1204 1083 1442 1133; x_wconf 85' lang='lat' dir='ltr'><strong>amnibus</strong></span> <span class='ocrx_word' id='word_1_100' title='bbox 1464 1080 1613 1131; x_wconf 89' lang='lat' dir='ltr'>Ocho</span> <span class='ocrx_word' id='word_1_101' title='bbox 1649 1094 1702 1133; x_wconf 89' lang='lat' dir='ltr'><strong>et</strong></span> <span class='ocrx_word' id='word_1_102' title='bbox 1736 1082 1892 1146; x_wconf 82' lang='lat' dir='ltr'><strong>Oxo,</strong></span> <span class='ocrx_word' id='word_1_103' title='bbox 1924 1084 1991 1133; x_wconf 80' lang='lat' dir='ltr'><strong>ad</strong></span> 
     </span>
     <span class='ocr_line' id='line_1_15' title="bbox 449 1148 1987 1217; baseline 0.001 -17"><span class='ocrx_word' id='word_1_104' title='bbox 449 1152 634 1200; x_wconf 88' lang='lat' dir='ltr'><strong>urbem</strong></span> <span class='ocrx_word' id='word_1_105' title='bbox 672 1150 982 1213; x_wconf 83' lang='lat' dir='ltr'><strong>Marginiam</strong></span> <span class='ocrx_word' id='word_1_106' title='bbox 1017 1151 1269 1215; x_wconf 74' lang='lat' dir='ltr'><strong>pervenitz</strong></span> <span class='ocrx_word' id='word_1_107' title='bbox 1339 1148 1487 1199; x_wconf 76' lang='lat' dir='ltr'><strong>Circa</strong></span> <span class='ocrx_word' id='word_1_108' title='bbox 1526 1166 1641 1199; x_wconf 87' lang='lat' dir='ltr'><strong>eam</strong></span> <span class='ocrx_word' id='word_1_109' title='bbox 1683 1164 1743 1198; x_wconf 74' lang='lat' dir='ltr'><strong>vt</strong></span> <span class='ocrx_word' id='word_1_110' title='bbox 1775 1152 1987 1217; x_wconf 84' lang='lat' dir='ltr'><strong>oppidis</strong></span> 
     </span>
     <span class='ocr_line' id='line_1_16' title="bbox 447 1215 1989 1280; baseline -0.001 -11"><span class='ocrx_word' id='word_1_111' title='bbox 447 1215 726 1269; x_wconf 83' lang='lat' dir='ltr'><strong>condendis</strong></span> <span class='ocrx_word' id='word_1_112' title='bbox 749 1218 905 1266; x_wconf 79' lang='lat' dir='ltr'><strong>electa</strong></span> <span class='ocrx_word' id='word_1_113' title='bbox 926 1215 1072 1265; x_wconf 87' lang='lat' dir='ltr'><strong>sedes</strong></span> <span class='ocrx_word' id='word_1_114' title='bbox 1095 1229 1187 1266; x_wconf 84' lang='lat' dir='ltr'><strong>est.</strong></span> <span class='ocrx_word' id='word_1_115' title='bbox 1254 1216 1373 1265; x_wconf 88' lang='lat' dir='ltr'><strong>Duo</strong></span> <span class='ocrx_word' id='word_1_116' title='bbox 1416 1215 1483 1263; x_wconf 83' lang='lat' dir='ltr'><strong>ad</strong></span> <span class='ocrx_word' id='word_1_117' title='bbox 1512 1215 1798 1267; x_wconf 80' lang='lat' dir='ltr'><strong>Meridiem</strong></span> <span class='ocrx_word' id='word_1_118' title='bbox 1824 1236 1989 1280; x_wconf 76' lang='lat' dir='ltr'><strong>versa,</strong></span> 
     </span>
    </p>

    <p class='ocr_par' dir='ltr' id='par_1_3' title="bbox 427 1282 1995 1687">
     <span class='ocr_line' id='line_1_17' title="bbox 485 1282 1991 1350; baseline 0.001 -17"><span class='ocrx_word' id='word_1_119' title='bbox 485 1295 672 1334; x_wconf 85' lang='lat' dir='ltr'><strong>uatuor</strong></span> <span class='ocrx_word' id='word_1_120' title='bbox 693 1285 971 1349; x_wconf 79' lang='lat' dir='ltr'><strong>spectantia</strong></span> <span class='ocrx_word' id='word_1_121' title='bbox 999 1283 1288 1343; x_wconf 85' lang='lat' dir='ltr'><strong>Orientem,</strong></span> <span class='ocrx_word' id='word_1_122' title='bbox 1327 1282 1548 1333; x_wconf 87' lang='lat' dir='ltr'><strong>modicis</strong></span> <span class='ocrx_word' id='word_1_123' title='bbox 1566 1284 1707 1333; x_wconf 76' lang='lat' dir='ltr'><strong>inter</strong></span> <span class='ocrx_word' id='word_1_124' title='bbox 1722 1301 1781 1334; x_wconf 78' lang='lat' dir='ltr'><strong>se</strong></span> <span class='ocrx_word' id='word_1_125' title='bbox 1810 1288 1991 1350; x_wconf 84' lang='lat' dir='ltr'><strong>spatiis</strong></span> 
     </span>
     <span class='ocr_line' id='line_1_18' title="bbox 450 1304 1993 1418; baseline 0 -15"><span class='ocrx_word' id='word_1_126' title='bbox 450 1304 719 1414; x_wconf 58' lang='lat' dir='ltr'><strong>gistabant,</strong></span> <span class='ocrx_word' id='word_1_127' title='bbox 732 1368 797 1401; x_wconf 89' lang='lat' dir='ltr'><strong>ne</strong></span> <span class='ocrx_word' id='word_1_128' title='bbox 816 1352 998 1418; x_wconf 84' lang='lat' dir='ltr'><strong>procul</strong></span> <span class='ocrx_word' id='word_1_129' title='bbox 1007 1350 1349 1418; x_wconf 86' lang='lat' dir='ltr'><strong>repetendum</strong></span> <span class='ocrx_word' id='word_1_130' title='bbox 1371 1362 1503 1399; x_wconf 87' lang='lat' dir='ltr'><strong>esset</strong></span> <span class='ocrx_word' id='word_1_131' title='bbox 1520 1362 1773 1400; x_wconf 89' lang='lat' dir='ltr'><strong>mutuum</strong></span> <span class='ocrx_word' id='word_1_132' title='bbox 1794 1355 1993 1403; x_wconf 83' lang='lat' dir='ltr'><strong>auxili-</strong></span> 
     </span>
     <span class='ocr_line' id='line_1_19' title="bbox 450 1415 1994 1471; baseline -0.001 0"><span class='ocrx_word' id='word_1_133' title='bbox 450 1438 559 1471; x_wconf 87' lang='lat' dir='ltr'><strong>um.</strong></span> <span class='ocrx_word' id='word_1_134' title='bbox 626 1419 767 1469; x_wconf 86' lang='lat' dir='ltr'><strong>Haec</strong></span> <span class='ocrx_word' id='word_1_135' title='bbox 777 1421 950 1469; x_wconf 87' lang='lat' dir='ltr'><strong>omnia</strong></span> <span class='ocrx_word' id='word_1_136' title='bbox 972 1420 1067 1468; x_wconf 85' lang='lat' dir='ltr'><strong>sita</strong></span> <span class='ocrx_word' id='word_1_137' title='bbox 1093 1419 1286 1468; x_wconf 83' lang='lat' dir='ltr'><strong>suntin</strong></span> <span class='ocrx_word' id='word_1_138' title='bbox 1306 1415 1454 1466; x_wconf 84' lang='lat' dir='ltr'><strong>editis</strong></span> <span class='ocrx_word' id='word_1_139' title='bbox 1488 1418 1736 1468; x_wconf 83' lang='lat' dir='ltr'><strong>collibus:</strong></span> <span class='ocrx_word' id='word_1_140' title='bbox 1754 1430 1881 1469; x_wconf 87' lang='lat' dir='ltr'><strong>tum</strong></span> <span class='ocrx_word' id='word_1_141' title='bbox 1896 1438 1994 1471; x_wconf 77' lang='lat' dir='ltr'><strong>ve-</strong></span> 
     </span>
     <span class='ocr_line' id='line_1_20' title="bbox 427 1484 1995 1551; baseline 0.001 -14"><span class='ocrx_word' id='word_1_142' title='bbox 427 1508 434 1521; x_wconf 72' lang='grc'><strong><em>’</em></strong></span> <span class='ocrx_word' id='word_1_143' title='bbox 452 1489 532 1537; x_wconf 90' lang='lat' dir='ltr'><strong>lut</strong></span> <span class='ocrx_word' id='word_1_144' title='bbox 548 1488 678 1536; x_wconf 84' lang='lat' dir='ltr'><strong>freni</strong></span> <span class='ocrx_word' id='word_1_145' title='bbox 700 1486 1014 1537; x_wconf 82' lang='lat' dir='ltr'><strong>domitarum</strong></span> <span class='ocrx_word' id='word_1_146' title='bbox 1034 1486 1295 1551; x_wconf 77' lang='lat' dir='ltr'><strong>gentiuxn3</strong></span> <span class='ocrx_word' id='word_1_147' title='bbox 1324 1501 1463 1533; x_wconf 82' lang='lat' dir='ltr'><strong>nunc</strong></span> <span class='ocrx_word' id='word_1_148' title='bbox 1496 1484 1711 1548; x_wconf 86' lang='lat' dir='ltr'><strong>originis</strong></span> <span class='ocrx_word' id='word_1_149' title='bbox 1733 1502 1860 1537; x_wconf 85' lang='lat' dir='ltr'><strong>suae</strong></span> <span class='ocrx_word' id='word_1_150' title='bbox 1890 1488 1995 1538; x_wconf 87' lang='lat' dir='ltr'><strong>ob-</strong></span> 
     </span>
     <span class='ocr_line' id='line_1_21' title="bbox 449 1552 1993 1621; baseline 0.001 -18"><span class='ocrx_word' id='word_1_151' title='bbox 449 1556 538 1608; x_wconf 87' lang='lat' dir='ltr'><strong>lita</strong></span> <span class='ocrx_word' id='word_1_152' title='bbox 559 1555 801 1616; x_wconf 80' lang='lat' dir='ltr'><strong>serviunt,</strong></span> <span class='ocrx_word' id='word_1_153' title='bbox 827 1554 1017 1620; x_wconf 74' lang='lat' dir='ltr'><strong>quibus</strong></span> <span class='ocrx_word' id='word_1_154' title='bbox 1033 1554 1431 1621; x_wconf 65' lang='lat' dir='ltr'><strong>imperavesunt.</strong></span> <span class='ocrx_word' id='word_1_155' title='bbox 1490 1552 1558 1601; x_wconf 89' lang='lat' dir='ltr'><strong>Et</strong></span> <span class='ocrx_word' id='word_1_156' title='bbox 1580 1564 1751 1603; x_wconf 78' lang='lat' dir='ltr'><strong>cetera</strong></span> <span class='ocrx_word' id='word_1_157' title='bbox 1770 1554 1993 1621; x_wconf 74' lang='lat' dir='ltr'><strong>quidem</strong></span> 
     </span>
     <span class='ocr_line' id='line_1_22' title="bbox 447 1633 1105 1687; baseline 0.002 -17"><span class='ocrx_word' id='word_1_158' title='bbox 447 1633 712 1687; x_wconf 81' lang='lat' dir='ltr'><strong>pacaverat</strong></span> <span class='ocrx_word' id='word_1_159' title='bbox 730 1638 839 1670; x_wconf 84' lang='lat' dir='ltr'><strong>rex.</strong></span> <span class='ocrx_word' id='word_1_160' title='bbox 1100 1652 1105 1659; x_wconf 89' lang='lat'><em>-</em></span> 
     </span>
    </p>

    <p class='ocr_par' dir='ltr' id='par_1_4' title="bbox 449 1683 1993 1890">
     <span class='ocr_line' id='line_1_23' title="bbox 549 1683 1993 1755; baseline 0.003 -20"><span class='ocrx_word' id='word_1_161' title='bbox 549 1683 698 1735; x_wconf 84' lang='lat' dir='ltr'>CAP.</span> <span class='ocrx_word' id='word_1_162' title='bbox 717 1687 812 1737; x_wconf 85' lang='lat' dir='ltr'><strong>XI.</strong></span> <span class='ocrx_word' id='word_1_163' title='bbox 846 1687 970 1740; x_wconf 68' lang='lat' dir='ltr'><strong>Vna</strong></span> <span class='ocrx_word' id='word_1_164' title='bbox 981 1699 1088 1739; x_wconf 81' lang='lat' dir='ltr'><strong>erat</strong></span> <span class='ocrx_word' id='word_1_165' title='bbox 1106 1698 1267 1754; x_wconf 85' lang='lat' dir='ltr'><strong>petra,</strong></span> <span class='ocrx_word' id='word_1_166' title='bbox 1292 1703 1449 1752; x_wconf 78' lang='lat' dir='ltr'><strong>quam</strong></span> <span class='ocrx_word' id='word_1_167' title='bbox 1471 1683 1741 1737; x_wconf 74' lang='lat' dir='ltr'><strong>Arimazes</strong></span> <span class='ocrx_word' id='word_1_168' title='bbox 1762 1687 1993 1755; x_wconf 81' lang='lat' dir='ltr'><strong>Sogdia-</strong></span> 
     </span>
     <span class='ocr_line' id='line_1_24' title="bbox 449 1756 1993 1818; baseline 0.004 -17"><span class='ocrx_word' id='word_1_169' title='bbox 449 1768 546 1801; x_wconf 85' lang='lat' dir='ltr'><strong>nus</strong></span> <span class='ocrx_word' id='word_1_170' title='bbox 571 1769 691 1802; x_wconf 87' lang='lat' dir='ltr'><strong>cum</strong></span> <span class='ocrx_word' id='word_1_171' title='bbox 731 1770 850 1803; x_wconf 83' lang='lat' dir='ltr'><strong>xxx</strong></span> <span class='ocrx_word' id='word_1_172' title='bbox 887 1756 1123 1805; x_wconf 87' lang='lat' dir='ltr'><strong>millibus</strong></span> <span class='ocrx_word' id='word_1_173' title='bbox 1174 1766 1493 1805; x_wconf 82' lang='lat' dir='ltr'><strong>armatorum</strong></span> <span class='ocrx_word' id='word_1_174' title='bbox 1532 1756 1831 1818; x_wconf 82' lang='lat' dir='ltr'><strong>obtinebat,</strong></span> <span class='ocrx_word' id='word_1_175' title='bbox 1892 1759 1993 1807; x_wconf 78' lang='lat' dir='ltr'><strong>ali·-</strong></span> 
     </span>
     <span class='ocr_line' id='line_1_25' title="bbox 450 1820 1991 1890; baseline 0.004 -21"><span class='ocrx_word' id='word_1_176' title='bbox 450 1820 636 1869; x_wconf 84' lang='lat' dir='ltr'><strong>mentis</strong></span> <span class='ocrx_word' id='word_1_177' title='bbox 649 1831 766 1869; x_wconf 86' lang='lat' dir='ltr'><strong>ante</strong></span> <span class='ocrx_word' id='word_1_178' title='bbox 777 1824 1043 1885; x_wconf 83' lang='lat' dir='ltr'><strong>congestis,</strong></span> <span class='ocrx_word' id='word_1_179' title='bbox 1058 1839 1185 1886; x_wconf 86' lang='lat' dir='ltr'><strong>quae</strong></span> <span class='ocrx_word' id='word_1_180' title='bbox 1196 1834 1361 1872; x_wconf 86' lang='lat' dir='ltr'><strong>tantae</strong></span> <span class='ocrx_word' id='word_1_181' title='bbox 1373 1822 1578 1883; x_wconf 77' lang='lat' dir='ltr'><strong>multitu</strong></span> <span class='ocrx_word' id='word_1_182' title='bbox 1585 1822 1695 1871; x_wconf 86' lang='lat' dir='ltr'><strong>dini</strong></span> <span class='ocrx_word' id='word_1_183' title='bbox 1702 1825 1790 1873; x_wconf 63' lang='lat' dir='ltr'><strong>vel</strong></span> <span class='ocrx_word' id='word_1_184' title='bbox 1799 1842 1895 1890; x_wconf 83' lang='lat' dir='ltr'><strong>per</strong></span> <span class='ocrx_word' id='word_1_185' title='bbox 1906 1824 1991 1875; x_wconf 80' lang='lat' dir='ltr'><strong>bi-</strong></span> 
     </span>
    </p>

    <p class='ocr_par' dir='ltr' id='par_1_5' title="bbox 420 1887 1991 2690">
     <span class='ocr_line' id='line_1_26' title="bbox 420 1887 1991 1953; baseline 0.001 -16"><span class='ocrx_word' id='word_1_186' title='bbox 420 1905 426 1911; x_wconf 86' lang='lat'><strong>·</strong></span> <span class='ocrx_word' id='word_1_187' title='bbox 452 1887 662 1937; x_wconf 79' lang='lat' dir='ltr'><strong>ennium</strong></span> <span class='ocrx_word' id='word_1_188' title='bbox 693 1898 1038 1953; x_wconf 80' lang='lat' dir='ltr'><strong>suppeterent.</strong></span> <span class='ocrx_word' id='word_1_189' title='bbox 1110 1888 1254 1939; x_wconf 81' lang='lat' dir='ltr'><strong>Petra</strong></span> <span class='ocrx_word' id='word_1_190' title='bbox 1277 1890 1331 1938; x_wconf 89' lang='lat' dir='ltr'><strong>in</strong></span> <span class='ocrx_word' id='word_1_191' title='bbox 1362 1889 1689 1938; x_wconf 86' lang='lat' dir='ltr'><strong>altitudinem</strong></span> <span class='ocrx_word' id='word_1_192' title='bbox 1702 1905 1836 1949; x_wconf 45' lang='lat' dir='ltr'><strong>‚xxx</strong></span> <span class='ocrx_word' id='word_1_193' title='bbox 1854 1892 1991 1941; x_wconf 87' lang='lat' dir='ltr'><strong>emi-</strong></span> 
     </span>
     <span class='ocr_line' id='line_1_27' title="bbox 451 1954 1989 2023; baseline 0.002 -18"><span class='ocrx_word' id='word_1_194' title='bbox 451 1966 540 2005; x_wconf 85' lang='lat' dir='ltr'><strong>net</strong></span> <span class='ocrx_word' id='word_1_195' title='bbox 559 1954 733 2015; x_wconf 83' lang='lat' dir='ltr'><strong>stadia,</strong></span> <span class='ocrx_word' id='word_1_196' title='bbox 755 1956 1025 2003; x_wconf 78' lang='lat' dir='ltr'><strong>circumitu</strong></span> <span class='ocrx_word' id='word_1_197' title='bbox 1048 1971 1077 2003; x_wconf 87' lang='lat' dir='ltr'><strong>c</strong></span> <span class='ocrx_word' id='word_1_198' title='bbox 1102 1967 1151 2005; x_wconf 90' lang='lat' dir='ltr'><strong>et</strong></span> <span class='ocrx_word' id='word_1_199' title='bbox 1170 1968 1202 2003; x_wconf 82' lang='lat' dir='ltr'>L</span> <span class='ocrx_word' id='word_1_200' title='bbox 1225 1957 1604 2022; x_wconf 82' lang='lat' dir='ltr'><strong>complectitur.</strong></span> <span class='ocrx_word' id='word_1_201' title='bbox 1616 1956 1869 2023; x_wconf 81' lang='lat' dir='ltr'><strong>Undique</strong></span> <span class='ocrx_word' id='word_1_202' title='bbox 1890 1958 1989 2008; x_wconf 80' lang='lat' dir='ltr'><strong>ab·</strong></span> 
     </span>
     <span class='ocr_line' id='line_1_28' title="bbox 451 2022 1986 2089; baseline 0.002 -19"><span class='ocrx_word' id='word_1_203' title='bbox 451 2024 606 2071; x_wconf 78' lang='lat' dir='ltr'><strong>scissa</strong></span> <span class='ocrx_word' id='word_1_204' title='bbox 629 2034 677 2071; x_wconf 84' lang='lat' dir='ltr'><strong>et</strong></span> <span class='ocrx_word' id='word_1_205' title='bbox 697 2022 908 2087; x_wconf 79' lang='lat' dir='ltr'><strong>abrupta</strong></span> <span class='ocrx_word' id='word_1_206' title='bbox 924 2056 938 2084; x_wconf 94' lang='lat'><strong>,</strong></span> <span class='ocrx_word' id='word_1_207' title='bbox 983 2024 1164 2071; x_wconf 86' lang='lat' dir='ltr'><strong>semita</strong></span> <span class='ocrx_word' id='word_1_208' title='bbox 1184 2036 1485 2089; x_wconf 84' lang='lat' dir='ltr'><strong>perangusta</strong></span> <span class='ocrx_word' id='word_1_209' title='bbox 1514 2023 1703 2073; x_wconf 85' lang='lat' dir='ltr'><strong>aditur.</strong></span> <span class='ocrx_word' id='word_1_210' title='bbox 1774 2024 1838 2072; x_wconf 87' lang='lat' dir='ltr'><strong>In</strong></span> <span class='ocrx_word' id='word_1_211' title='bbox 1866 2041 1986 2074; x_wconf 87' lang='lat' dir='ltr'><strong>me·-</strong></span> 
     </span>
     <span class='ocr_line' id='line_1_29' title="bbox 453 2088 1986 2156; baseline 0.002 -18"><span class='ocrx_word' id='word_1_212' title='bbox 453 2088 540 2138; x_wconf 85' lang='lat' dir='ltr'><strong>dio</strong></span> <span class='ocrx_word' id='word_1_213' title='bbox 563 2090 848 2139; x_wconf 78' lang='lat' dir='ltr'><strong>altitudinis</strong></span> <span class='ocrx_word' id='word_1_214' title='bbox 869 2090 1034 2154; x_wconf 86' lang='lat' dir='ltr'><strong>spatio</strong></span> <span class='ocrx_word' id='word_1_215' title='bbox 1057 2090 1210 2139; x_wconf 83' lang='lat' dir='ltr'><strong>habet</strong></span> <span class='ocrx_word' id='word_1_216' title='bbox 1240 2107 1479 2156; x_wconf 81' lang='lat' dir='ltr'><strong>specum,</strong></span> <span class='ocrx_word' id='word_1_217' title='bbox 1513 2092 1659 2139; x_wconf 87' lang='lat' dir='ltr'><strong>cuius</strong></span> <span class='ocrx_word' id='word_1_218' title='bbox 1692 2108 1749 2139; x_wconf 90' lang='lat' dir='ltr'><strong>os</strong></span> <span class='ocrx_word' id='word_1_219' title='bbox 1780 2104 1986 2141; x_wconf 81' lang='lat' dir='ltr'><strong>arctum</strong></span> 
     </span>
     <span class='ocr_line' id='line_1_30' title="bbox 451 2156 1984 2223; baseline 0.002 -20"><span class='ocrx_word' id='word_1_220' title='bbox 451 2166 502 2203; x_wconf 88' lang='lat' dir='ltr'><strong>et</strong></span> <span class='ocrx_word' id='word_1_221' title='bbox 533 2156 809 2205; x_wconf 83' lang='lat' dir='ltr'><strong>obscurum</strong></span> <span class='ocrx_word' id='word_1_222' title='bbox 828 2168 926 2207; x_wconf 68' lang='lat' dir='ltr'><strong>estt</strong></span> <span class='ocrx_word' id='word_1_223' title='bbox 949 2159 1217 2222; x_wconf 79' lang='lat' dir='ltr'><strong>paullatim</strong></span> <span class='ocrx_word' id='word_1_224' title='bbox 1246 2156 1430 2207; x_wconf 71' lang='lat' dir='ltr'><strong>deinde</strong></span> <span class='ocrx_word' id='word_1_225' title='bbox 1459 2158 1706 2207; x_wconf 80' lang='lat' dir='ltr'><strong>ulteriora</strong></span> <span class='ocrx_word' id='word_1_226' title='bbox 1736 2157 1984 2223; x_wconf 83' lang='lat' dir='ltr'><strong>pandun-</strong></span> 
     </span>
     <span class='ocr_line' id='line_1_31' title="bbox 453 2223 1985 2291; baseline 0.002 -20"><span class='ocrx_word' id='word_1_227' title='bbox 453 2232 566 2282; x_wconf 81' lang='lat' dir='ltr'><strong>tur3</strong></span> <span class='ocrx_word' id='word_1_228' title='bbox 600 2224 784 2272; x_wconf 87' lang='lat' dir='ltr'><strong>ultima</strong></span> <span class='ocrx_word' id='word_1_229' title='bbox 807 2225 961 2273; x_wconf 76' lang='lat' dir='ltr'><strong>etiam</strong></span> <span class='ocrx_word' id='word_1_230' title='bbox 981 2226 1111 2274; x_wconf 84' lang='lat' dir='ltr'><strong>altos</strong></span> <span class='ocrx_word' id='word_1_231' title='bbox 1132 2242 1358 2274; x_wconf 78' lang='lat' dir='ltr'><strong>recessus</strong></span> <span class='ocrx_word' id='word_1_232' title='bbox 1388 2223 1597 2273; x_wconf 75' lang='lat' dir='ltr'><strong>habent.</strong></span> <span class='ocrx_word' id='word_1_233' title='bbox 1662 2224 1856 2275; x_wconf 80' lang='lat' dir='ltr'><strong>Fontes</strong></span> <span class='ocrx_word' id='word_1_234' title='bbox 1888 2242 1985 2291; x_wconf 84' lang='lat' dir='ltr'><strong>per</strong></span> 
     </span>
     <span class='ocr_line' id='line_1_32' title="bbox 452 2289 1981 2356; baseline 0.002 -19"><span class='ocrx_word' id='word_1_235' title='bbox 452 2299 624 2337; x_wconf 86' lang='lat' dir='ltr'><strong>totum</strong></span> <span class='ocrx_word' id='word_1_236' title='bbox 643 2289 747 2338; x_wconf 84' lang='lat' dir='ltr'><strong>fere</strong></span> <span class='ocrx_word' id='word_1_237' title='bbox 769 2307 982 2354; x_wconf 85' lang='lat' dir='ltr'><strong>specum</strong></span> <span class='ocrx_word' id='word_1_238' title='bbox 1012 2303 1250 2351; x_wconf 82' lang='lat' dir='ltr'><strong>manant3</strong></span> <span class='ocrx_word' id='word_1_239' title='bbox 1283 2308 1309 2338; x_wconf 87' lang='lat' dir='ltr'><strong>e</strong></span> <span class='ocrx_word' id='word_1_240' title='bbox 1344 2290 1532 2356; x_wconf 84' lang='lat' dir='ltr'><strong>quibus</strong></span> <span class='ocrx_word' id='word_1_241' title='bbox 1570 2291 1786 2340; x_wconf 82' lang='lat' dir='ltr'><strong>collatae</strong></span> <span class='ocrx_word' id='word_1_242' title='bbox 1818 2308 1981 2356; x_wconf 85' lang='lat' dir='ltr'><strong>aquae</strong></span> 
     </span>
     <span class='ocr_line' id='line_1_33' title="bbox 453 2356 1982 2421; baseline 0.003 -18"><span class='ocrx_word' id='word_1_243' title='bbox 453 2371 550 2421; x_wconf 86' lang='lat' dir='ltr'><strong>per</strong></span> <span class='ocrx_word' id='word_1_244' title='bbox 571 2371 735 2420; x_wconf 87' lang='lat' dir='ltr'><strong>prona</strong></span> <span class='ocrx_word' id='word_1_245' title='bbox 755 2358 946 2406; x_wconf 78' lang='lat' dir='ltr'><strong>montis</strong></span> <span class='ocrx_word' id='word_1_246' title='bbox 966 2359 1163 2406; x_wconf 81' lang='lat' dir='ltr'><strong>flumen</strong></span> <span class='ocrx_word' id='word_1_247' title='bbox 1184 2358 1441 2407; x_wconf 86' lang='lat' dir='ltr'><strong>emittunt.</strong></span> <span class='ocrx_word' id='word_1_248' title='bbox 1460 2356 1584 2419; x_wconf 88' lang='lat' dir='ltr'><strong>Rex,</strong></span> <span class='ocrx_word' id='word_1_249' title='bbox 1604 2358 1706 2407; x_wconf 87' lang='lat' dir='ltr'><strong>loci</strong></span> <span class='ocrx_word' id='word_1_250' title='bbox 1726 2357 1982 2407; x_wconf 81' lang='lat' dir='ltr'><strong>diffiieul-</strong></span> 
     </span>
     <span class='ocr_line' id='line_1_34' title="bbox 453 2423 1980 2489; baseline 0.003 -19"><span class='ocrx_word' id='word_1_251' title='bbox 453 2432 571 2471; x_wconf 81' lang='lat' dir='ltr'><strong>tate-</strong></span> <span class='ocrx_word' id='word_1_252' title='bbox 606 2429 858 2485; x_wconf 81' lang='lat' dir='ltr'><strong>spectata,</strong></span> <span class='ocrx_word' id='word_1_253' title='bbox 897 2433 1143 2473; x_wconf 79' lang='lat' dir='ltr'><strong>statuerat</strong></span> <span class='ocrx_word' id='word_1_254' title='bbox 1168 2424 1303 2475; x_wconf 74' lang='lat' dir='ltr'><strong>inde</strong></span> <span class='ocrx_word' id='word_1_255' title='bbox 1344 2425 1510 2474; x_wconf 76' lang='lat' dir='ltr'><strong>abire:</strong></span> <span class='ocrx_word' id='word_1_256' title='bbox 1550 2423 1739 2489; x_wconf 79' lang='lat' dir='ltr'><strong>cupido</strong></span> <span class='ocrx_word' id='word_1_257' title='bbox 1784 2424 1980 2475; x_wconf 77' lang='lat' dir='ltr'><strong>deinde</strong></span> 
     </span>
     <span class='ocr_line' id='line_1_35' title="bbox 451 2488 1980 2555; baseline 0.004 -20"><span class='ocrx_word' id='word_1_258' title='bbox 451 2488 656 2537; x_wconf 85' lang='lat' dir='ltr'><strong>incessit</strong></span> <span class='ocrx_word' id='word_1_259' title='bbox 686 2490 874 2549; x_wconf 86' lang='lat' dir='ltr'><strong>anim0,</strong></span> <span class='ocrx_word' id='word_1_260' title='bbox 901 2499 1137 2538; x_wconf 85' lang='lat' dir='ltr'><strong>naturam</strong></span> <span class='ocrx_word' id='word_1_261' title='bbox 1157 2508 1362 2555; x_wconf 85' lang='lat' dir='ltr'><strong>quoque</strong></span> <span class='ocrx_word' id='word_1_262' title='bbox 1382 2491 1644 2553; x_wconf 80' lang='lat' dir='ltr'><strong>fatigandi.</strong></span> <span class='ocrx_word' id='word_1_263' title='bbox 1715 2490 1863 2541; x_wconf 83' lang='lat' dir='ltr'><strong>Prius</strong></span> <span class='ocrx_word' id='word_1_264' title='bbox 1896 2502 1980 2541; x_wconf 78' lang='lat' dir='ltr'><strong>ta-</strong></span> 
     </span>
     <span class='ocr_line' id='line_1_36' title="bbox 453 2555 1976 2624; baseline 0.004 -23"><span class='ocrx_word' id='word_1_265' title='bbox 453 2568 572 2602; x_wconf 81' lang='lat' dir='ltr'><strong>men</strong></span> <span class='ocrx_word' id='word_1_266' title='bbox 593 2572 749 2618; x_wconf 85' lang='lat' dir='ltr'><strong>quam</strong></span> <span class='ocrx_word' id='word_1_267' title='bbox 778 2555 1039 2603; x_wconf 83' lang='lat' dir='ltr'><strong>fortunam</strong></span> <span class='ocrx_word' id='word_1_268' title='bbox 1071 2556 1350 2605; x_wconf 86' lang='lat' dir='ltr'><strong>obsidionis</strong></span> <span class='ocrx_word' id='word_1_269' title='bbox 1383 2560 1725 2622; x_wconf 76' lang='lat' dir='ltr'><strong>experiretur,</strong></span> <span class='ocrx_word' id='word_1_270' title='bbox 1756 2557 1976 2624; x_wconf 76' lang='lat' dir='ltr'><strong>Coplian</strong></span> 
     </span>
     <span class='ocr_line' id='line_1_37' title="bbox 453 2614 1974 2690; baseline 0.004 -23"><span class='ocrx_word' id='word_1_271' title='bbox 453 2614 713 2679; x_wconf 75' lang='lat' dir='ltr'><strong>(Artabazi</strong></span> <span class='ocrx_word' id='word_1_272' title='bbox 731 2621 813 2669; x_wconf 84' lang='lat' dir='ltr'><strong>hic</strong></span> <span class='ocrx_word' id='word_1_273' title='bbox 831 2621 964 2674; x_wconf 82' lang='lat' dir='ltr'><strong>filius</strong></span> <span class='ocrx_word' id='word_1_274' title='bbox 987 2622 1109 2690; x_wconf 85' lang='lat' dir='ltr'><strong>erat)</strong></span> <span class='ocrx_word' id='word_1_275' title='bbox 1131 2624 1273 2673; x_wconf 82' lang='lat' dir='ltr'><strong>misit</strong></span> <span class='ocrx_word' id='word_1_276' title='bbox 1293 2624 1357 2673; x_wconf 82' lang='lat' dir='ltr'><strong>ad</strong></span> <span class='ocrx_word' id='word_1_277' title='bbox 1378 2624 1647 2687; x_wconf 80' lang='lat' dir='ltr'><strong>barbaros,</strong></span> <span class='ocrx_word' id='word_1_278' title='bbox 1669 2626 1761 2690; x_wconf 82' lang='lat' dir='ltr'><strong>qui</strong></span> <span class='ocrx_word' id='word_1_279' title='bbox 1783 2624 1974 2676; x_wconf 60' lang='lat' dir='ltr'><strong>suade-</strong></span> 
     </span>
    </p>
   </div>
   <div class='ocr_carea' id='block_1_3' title="bbox 904 2750 934 2769">
    <p class='ocr_par' dir='ltr' id='par_1_6' title="bbox 904 2750 934 2769">
     <span class='ocr_line' id='line_1_38' title="bbox 904 2750 934 2769; baseline 0 -5"><span class='ocrx_word' id='word_1_280' title='bbox 904 2750 934 2769; x_wconf 55' lang='grc' dir='ltr'>χ</span> 
     </span>
    </p>
   </div>
  </div>
 </body>
</html>
