2084 3009
655 226 1105 281 LIBERI.
1189 258 1196 265 ·
1607 234 1640 285 5

114 335 322 387 bellum
342 336 396 383 in
412 331 621 401 Illyrios
641 332 927 381 transmit:
947 332 1019 383 ibi
1036 333 1215 383 multis
1227 333 1459 384 hostium
1475 332 1642 383 milli-

115 406 218 457 bus
240 402 395 451 caesis
406 438 421 464 ,
441 401 763 451 Larissaeam
783 399 971 449 urbem
988 402 1370 451 nobilissimam
1389 402 1542 468 cepit.

254 468 391 519 Hinc
424 467 702 534 Thessalos
714 504 729 531 ,
789 472 915 516 non'
940 466 1216 533 cupiditate
1251 470 1497 532 praedae,
1554 466 1643 517 sed

118 535 264 603 quod
292 536 537 586 exercitui
568 552 664 585 suo
696 536 857 586 robur
879 532 1250 597 Thessalorum
1285 538 1519 602 equitum
1547 534 1646 585 ad-

119 605 334 668 iungere
354 604 624 667 gestiebat,
654 602 787 652 nihil
805 601 980 652 minus
1006 619 1164 668 quam
1181 604 1384 653 bellum
1401 616 1644 655 metuen-

118 680 226 733 tes,
248 670 497 720 adoritur.
518 670 721 735 Quibus
744 688 807 721 ex
826 670 1109 735 improviso
1131 673 1542 737 praeoccupatis,
1564 681 1646 719 at—

120 755 223 804 que
242 738 299 787 in
318 749 629 805 potestatem
650 735 896 800 redactis,
934 737 1196 803 iungendo
1227 740 1463 804 equitum
1492 736 1646 805 pedi-

121 810 341 871 tumque
358 804 661 855 fortissimas
691 817 889 854 turmas
920 814 972 853 et
1004 806 1203 869 copias,
1247 807 1646 857 invictissimum

118 873 243 923 feeit
263 874 564 922 exercitum.
604 872 807 937 Quibus
826 872 980 921 rebus
1000 872 1217 922 feliciter
1235 874 1418 937 gestis,
1451 872 1645 940 Olym-

116 939 289 1006 piada,
324 939 656 1006 Neoptolemi
674 942 807 1005 regis
826 938 1182 989 Molossorum
1199 940 1386 1003 filiam,
1423 956 1645 990 uxorem

118 1006 287 1070 ducit,
327 1008 633 1071 conciliante
654 1008 857 1074 nuptias
878 1008 1042 1057 altore
1069 1007 1276 1072 virginis
1307 1004 1497 1056 Arisba
1525 1024 1644 1071 rege

116 1074 508 1135 Molossorum,
530 1076 619 1138 qui
637 1091 873 1123 sororem
896 1072 1252 1141 Olympiadis,
1274 1073 1563 1136 Troadem,
1588 1076 1642 1124 in

114 1142 455 1191 matrimonio
482 1141 724 1191 habebat:
765 1159 895 1207 quae
916 1159 1066 1191 eausa
1088 1142 1166 1191 illi
1188 1141 1329 1191 exitii
1346 1142 1642 1191 malorum-

116 1226 217 1273 que
240 1208 480 1259 omnium
499 1210 613 1257 fuit.
642 1208 779 1258 Nam
791 1244 805 1270 ‚
826 1207 955 1258 dum
972 1209 1119 1273 regni
1137 1209 1454 1258 incrementa
1473 1209 1643 1259 affini-

114 1286 219 1325 tate
238 1274 467 1342 Philippi
486 1292 539 1325 se
558 1277 928 1339 acquisiturum
946 1286 1140 1342 sperat,
1196 1277 1373 1340 roprIo
1393 1292 1554 1339 regno
1576 1276 1640 1326 ab

118 1341 309 1393 eodem
326 1344 577 1407 privatus,
595 1342 648 1389 in
670 1343 851 1390 exsilio
872 1342 1160 1389 consenuit.
1221 1354 1299 1391 ost
1317 1343 1523 1407 nuptias
1547 1360 1643 1391 au-

115 1421 229 1457 tem
256 1406 529 1474 Philippus
559 1424 652 1473 per
682 1408 909 1470 quietem
955 1407 1097 1454 visus
1147 1416 1225 1455 est
1265 1408 1494 1471 coniugis
1527 1409 1640 1458 alvo

114 1474 379 1537 insignem
399 1474 616 1523 affixisse
636 1472 836 1523 bullam
850 1510 863 1535 ,
896 1472 1038 1522 cuius
1059 1464 1349 1538 sculptura,
1387 1474 1641 1539 quemad-

112 1540 343 1591 modum
380 1542 425 1589 is
459 1540 861 1599 existimaverat,
903 1541 1070 1590 leonis
1102 1539 1311 1591 haberet
1342 1542 1638 1607 imaginem.

112 1608 279 1673 Quod
296 1618 434 1657 vates
452 1608 523 1656 ita
556 1618 677 1656 sunt
704 1608 1048 1674 interpretati:
1085 1607 1256 1675 Ipsam
1285 1608 1496 1674 quidem
1529 1626 1640 1661 esse

116 1674 405 1740 gravidam,
436 1676 730 1723 animosum
748 1693 956 1741 quoque
978 1686 1029 1723 et
1048 1676 1213 1725 leonis
1234 1688 1414 1725 natura
1431 1676 1642 1743 praedi-

116 1754 233 1791 tum
257 1739 509 1791 infantem
527 1742 825 1807 parituram.
844 1740 1075 1803 Deinde,
1109 1756 1230 1791 cum
1252 1741 1524 1809 Philippus
1544 1758 1640 1792 ur-

114 1810 241 1859 bem
270 1808 573 1857 Methonem
604 1819 944 1874 expugnaret,
985 1810 1122 1858 iactu
1159 1810 1365 1873 sagittae
1397 1810 1640 1861 dextrum

113 1876 290 1925 amisit
312 1878 541 1925 oculum.
579 1874 931 1925 Nihilominus
951 1882 1126 1926 tamen
1150 1894 1333 1944 pacem
1354 1874 1640 1942 deprecan—

113 1944 255 1994 tibus
276 1940 445 2005 dedit,
464 1943 708 2008 mitisque
728 1944 883 1993 etiam
902 1942 1145 1993 adversus
1163 1945 1326 1993 victos
1346 1943 1458 1992 fuit.
1477 1943 1636 2008 Pagas

114 2012 276 2061 etiam
297 2011 523 2075 capiens,
543 2010 762 2076 imperio
782 2028 877 2060 suo
899 2008 1102 2060 adiecit.
1121 2006 1480 2059 Triballorum
1501 2028 1638 2076 quo-
1711 2040 1724 2046 -

114 2094 221 2143 que
240 2088 471 2141 gentem,
491 2088 542 2127 et
562 2076 817 2143 quidquid
836 2090 1100 2143 praeterea
1117 2088 1372 2127 terrarum
1391 2077 1444 2126 in
1457 2079 1638 2143 proxi-

110 2162 205 2194 mo
229 2154 364 2206 erat,
400 2144 645 2195 invadens
668 2145 858 2207 omnia,
895 2161 1002 2193 uno
1030 2144 1175 2195 velut
1202 2145 1402 2210 impetu
1425 2145 1640 2195 devicit.

109 2210 397 2261 Debellatis
414 2212 668 2274 finitimis,
690 2223 841 2275 atque
856 2212 1165 2278 ‚confirmato
1185 2211 1293 2260 iam
1303 2210 1635 2263 Macedoniae

108 2294 291 2343 regne,
312 2294 434 2327 cum
454 2278 672 2329 domum
688 2278 939 2339 rediisset,
959 2290 1110 2327 natus
1131 2278 1240 2327 esti
1279 2279 1322 2327 si
1341 2277 1634 2330 Alexander

108 2348 249 2395 filius
262 2363 326 2395 ex
340 2343 653 2412 Olympiade
672 2344 980 2406 uxore,VIII
989 2344 1114 2395 Idus
1125 2342 1212 2411 Ap
1281 2346 1339 2408 is,
1361 2345 1485 2396 dicit
1503 2346 1635 2396 Plu-

108 2412 345 2463 tarchus:
364 2412 429 2462 ab
450 2430 511 2463 eo
534 2425 722 2474 autem,
744 2413 1008 2478 qui‘illum
1026 2413 1082 2462 in
1101 2412 1346 2463 Latinum
1365 2413 1632 2471 convertit,

108 2480 381 2541 scribitur,
404 2482 533 2529 cirea
552 2479 675 2530 Idus
694 2476 939 2545 Augusti:
970 2478 1116 2545 quod
1133 2496 1278 2542 sane,
1299 2482 1443 2529 euius
1461 2479 1528 2527 sit
1547 2494 1631 2525 er-

108 2563 227 2609 ror,
268 2545 490 2597 dubium
521 2558 612 2597 est.
638 2546 801 2597 Porro
836 2546 1005 2613 Philip
1043 2563 1106 2595 us
1119 2582 1134 2609 ,
1173 2547 1336 2597 veluti
1365 2562 1394 2595 e
1421 2545 1633 2609 specula

112 2614 366 2680 quadam,
384 2614 609 2663 libertati
632 2615 868 2663 omnium
887 2614 986 2661 insi
1026 2616 1182 2673 latus,
1215 2612 1536 2675 Graeeorum
1557 2610 1634 2657 ci—

114 2684 291 2733 vitates
303 2717 320 2745 ,
360 2698 489 2747 quae
523 2679 828 2731 dominandi
866 2678 1084 2731 libidine
1113 2676 1344 2742 singulae
1383 2676 1632 2740 imperare
