2084 3009
330 1842 351 1866 N

408 141 511 204 374
754 179 759 186 -
821 138 864 189 Ι.
916 131 1565 188 FREINSHEMI‘I

410 241 789 293 contumaciam
833 255 984 290 sexus
1026 239 1292 302 ingenium
1329 250 1532 288 vastum
1569 249 1643 300 et,⁴
1655 236 1940 290 vehemens

407 311 546 360 virili
566 309 754 358 scelere
776 307 829 354 in
848 305 1128 355 vindictam
1149 307 1397 356 armabat.
1469 305 1844 356 stimulaverat
1883 325 1940 356 ea

409 379 623 428 fratrem
642 373 1017 436 Alexandrum,
1047 384 1109 422 ut
1130 373 1370 440 Philippo
1391 374 1596 423 bellum
1616 373 1831 422 faceret.
1879 373 1942 424 Id

410 461 479 494 ne
518 445 685 492 alieno
722 453 954 506 tempore
994 441 1224 506 excipere
1267 452 1552 505 cogeretur,
1589 439 1811 489 callidus
1829 458 1938 503 rex,

410 525 727 576 quamquam
745 509 939 558 viribus
970 511 1089 574 plus
1119 519 1336 572 poterat,
1371 509 1572 556 firmata
1610 525 1707 572 per
1745 525 1939 558 novam

400 579 709 635 faffinitatem
727 577 883 639 gratia
902 575 1199 641 praevenire
1217 576 1428 638 studuit,
1464 575 1722 638 desponsa
1746 575 1939 639 Epiro·-

410 657 491 694 tae
507 641 789 693 Alexandri
810 659 1070 710 germana,
1105 639 1394 707 Cleopatra.
1459 639 1548 690 Ad
1576 643 1702 690 istas
1733 645 1940 706 nuptias

414 709 742 761 celebrandas
762 710 1098 764 finitimarum
1119 711 1354 772 gentium
1371 710 1552 772 reguli,
1587 708 1944 759 Graecarum-

414 795 514 846 que
554 779 815 826 civitatum
852 777 1006 841 legati
1047 777 1334 840 frequentes
1364 774 1532 839 Aegas
1576 786 1944 826 conveneram.

406 845 478 896 -Id
514 843 769 911 oppidum
808 845 1031 908 elegerat
1069 841 1374 908 Philippus,
1417 847 1525 893 'non
1561 843 1670 890 sine
1713 845 1943 907 quodam

350 941 364 954 ι
416 930 588 964 omme
610 927 809 972 eorum,
844 928 975 974 quae
993 921 1175 977 postea
1194 911 1444 960 accidere:
1465 919 1588 958 nam
1603 910 1682 959 'ibi
1693 911 1947 960 Macedo-

406 991 545 1029 ·'num
564 995 708 1042 reges
736 980 939 1042 sepeliri
958 995 1075 1027 mos
1097 988 1224 1026 ‘erat-
1280 974 1476 1026 Ferunt
1518 977 1690 1038 etiam,
1731 975 1946 1044 Apolli-

396 1047 535 1094 'nem
554 1044 869 1108 Delphicum
888 1044 953 1093 de
972 1046 1114 1094 bello
1135 1044 1338 1092 Persico
1361 1045 1649 1092 consulenti
1680 1057 1947 1095 maturum

414 1112 681 1162 ‘nitet-itum
702 1111 955 1161 cecinisse.
1024 1110 1132 1158 Sed
1157 1111 1483 1174 ambiguum,
1518 1121 1578 1158 ut
1604 1127 1724 1159 mos
1757 1131 1947 1162 oracu-

377 1203 381 1210 ·
414 1181 477 1228 lis
498 1215 513 1240 ‚
564 1193 874 1243 responsum
912 1177 1178 1244 Philippus
1229 1177 1296 1228 ad
1335 1178 1681 1227 harbarorum
1730 1181 1948 1229 exitium

415 1245 1052 1311 blanda-interpretatione
1081 1256 1320 1294 traxerat.
1385 1243 1504 1294 Alia
1539 1261 1754 1310 quoque
1793 1265 1946 1313 prae-

419 1315 569 1380 sagia,
606 1329 735 1379 quae
756 1325 871 1361 tum
890 1330 1047 1362 nemo
1069 1312 1519 1379 anhnadverterat,
1557 1323 1772 1361 eventus
1793 1331 1950 1362 mon-

417 1384 615 1434 stravit.
678 1381 805 1428 Erat
833 1381 966 1429 inter
995 1379 1237 1429 custodes
1269 1381 1394 1443 regii
1415 1379 1648 1444 corporis
1669 1375 1949 1430 Pausanias

422 1449 647 1514 quidam,
684 1463 839 1512 quem
859 1448 913 1496 in
934 1449 1180 1502 solatium,
1197 1458 1428 1513 acceptae
1450 1446 1512 1495 ab
1523 1443 1700 1509 Attalo
1717 1447 1951 1507 iniuriae,

391 1533 513 1584 *rex
548 1517 603 1564 in'
642 1530 765 1562 eum
800 1514 1058 1578 diguitatis
1099 1515 1319 1579 gradum
1355 1524 1672 1579 provexerat.
1742 1513 1954 1582 Quippe

416 1581 725 1632 Pausaniam
735 1578 940 1630 Attalus
962 1596 1104 1631 mero
1125 1593 1370 1630 onustum
1390 1580 1594 1629 nefariis
1617 1583 1954 1632 convivarum

417 1648 659 1698 ludibriis
698 1661 1018 1712 exposuerat.
1104 1649 1267 1697 Huius
1305 1649 1560 1704 ultionem
1600 1664 1724 1696 cum
1766 1667 1798 1697 a
1831 1665 1952 1714 rege

418 1723 633 1781 peteret,
669 1713 923 1762 honorem
942 1717 1152 1780 accepit.
1218 1715 1428 1764 Etenim
1469 1711 1740 1780 Philippus
1779 1717 1951 1766 virum

418 1791 670 1847 spectatae
691 1780 745 1826 in
764 1780 905 1828 bello
928 1781 1258 1841 fortitudinis,
1295 1781 1362 1829 ad
1399 1779 1500 1828 hoe
1517 1789 1704 1846 'nuper
1730 1785 1951 1848 propin-

394 1853 523 1915 'qua
542 1845 779 1896 affinitate
802 1847 1149 1906 coniunctum,
1185 1849 1366 1909 punire
1397 1847 1529 1895 adeo
1559 1865 1671 1896 non
1693 1850 1950 1909 sustinuit,

421 1928 505 1966 ut·
518 1917 728 1979 insuper
768 1908 1031 1977 copiarum
1067 1914 1200 1977 parti
1236 1914 1554 1978 praesectum
1583 1931 1708 1964 cum
1733 1915 1954 1964 Parme·-

422 1983 581 2033 nione
622 1993 673 2030 et
686 1977 913 2046 Amynta
952 1980 1005 2028 in
1033 1977 1214 2028 Asiam
1249 1981 1613 2045 praemitteret,
1651 2000 1812 2048 opera
1843 1984 1952 2032 eius

424 2065 610 2099 usurus
630 2049 683 2098 in
702 2046 1025 2112 expeditione
1043 2047 1262 2096 Persica.
1314 2045 1621 2096 Pausaniam
1651 2061 1830 2104 autem
1861 2067 1956 2098 ro·—

425 2126 619 2180 gamm,
656 2122 718 2162 ut
750 2114 859 2180 ipsi
874 2112 1312 2181 temporibusque
1344 2112 1696 2180 reipublicae,
1711 2114 1960 2166 dolorem

426 2197 586 2230 suum
606 2179 959 2241 condonaret,
982 2182 1217 2229 comitate
1239 2182 1452 2244 alloquii
1472 2192 1522 2229 et
1539 2180 1842 2236 honestiore
1863 2186 1962 2232 sti-

428 2247 619 2316 pendio
642 2249 841 2312 placare
862 2255 1073 2297 conatus
1095 2259 1186 2296 est.
1239 2247 1343 2295 Sed
1369 2246 1664 2296 adolescens
1695 2252 1965 2300 maiorem

430 2314 785 2373 contumeliae,
806 2329 963 2378 quam
979 2313 1225 2374 beneficii,
1244 2315 1499 2361 rationem
1518 2311 1713 2378 hahuit,
1735 2317 1964 2366 odium-

430 2401 531 2448 que
552 2383 614 2432 ab
637 2392 843 2429 auctore
862 2381 1099 2442 iniuriae5
1114 2382 1168 2428 in
1187 2381 1539 2443 negligentem
1557 2380 1666 2430 eius
1689 2379 1967 2434 vindicem

432 2450 699 2498 convertit.
752 2445 888 2496 Ctun
907 2448 966 2495 iis
988 2449 1156 2508 etia'm,
1178 2447 1548 2510 quosinfeusos
1569 2439 1964 2513 Attali-domui,
2046 2471 2047 2476 ¹

426 2530 527 2562 nce
545 2514 780 2578 Philippo
803 2513 1077 2571 concordes
1099 2531 1208 2562 esse
1229 2525 1453 2575 noverat,
1475 2516 1687 2563 consilia
1709 2532 1966 2566 commu-

429 2579 623 2626 nicasse
642 2597 750 2627 non
766 2588 967 2644 praeter
986 2581 1242 2630 rationem
1271 2579 1524 2628 creditum
1546 2593 1636 2642 est,
1674 2585 1961 2648 postquam
