<?xml version="1.0" encoding="UTF-8"?>
<!DOCTYPE html PUBLIC "-//W3C//DTD XHTML 1.0 Transitional//EN"
    "http://www.w3.org/TR/xhtml1/DTD/xhtml1-transitional.dtd">
<html xmlns="http://www.w3.org/1999/xhtml" xml:lang="en" lang="en">
 <head>
  <title>
</title>
<meta http-equiv="Content-Type" content="text/html;charset=utf-8" />
  <meta name='ocr-system' content='tesseract 3.04.00' />
  <meta name='ocr-capabilities' content='ocr_page ocr_carea ocr_par ocr_line ocrx_word'/>
</head>
<body>
  <div class='ocr_page' id='page_1' title='image "./qcurtiirufihist00freigoog_0417.png"; bbox 0 0 2084 3009; ppageno 0'>
   <div class='ocr_carea' id='block_1_1' title="bbox 439 167 1703 271">
    <p class='ocr_par' dir='ltr' id='par_1_1' title="bbox 439 167 1703 271">
     <span class='ocr_line' id='line_1_1' title="bbox 439 167 1703 271; baseline -0.013 0"><span class='ocrx_word' id='word_1_1' title='bbox 439 209 542 271; x_wconf 73' lang='lat'><strong>412</strong></span> <span class='ocrx_word' id='word_1_2' title='bbox 839 207 886 260; x_wconf 90' lang='lat'><strong>1.</strong></span> <span class='ocrx_word' id='word_1_3' title='bbox 923 204 1561 261; x_wconf 65' lang='lat' dir='ltr'><strong>ramusszn</strong></span> <span class='ocrx_word' id='word_1_4' title='bbox 1639 167 1703 244; x_wconf 72' lang='lat'><strong>³·-</strong></span> 
     </span>
    </p>
   </div>
   <div class='ocr_carea' id='block_1_2' title="bbox 436 299 1984 2704">
    <p class='ocr_par' dir='ltr' id='par_1_2' title="bbox 436 299 1984 2704">
     <span class='ocr_line' id='line_1_2' title="bbox 442 299 1979 375; baseline 0 -15"><span class='ocrx_word' id='word_1_5' title='bbox 442 311 681 361; x_wconf 85' lang='lat' dir='ltr'><strong>omnibus</strong></span> <span class='ocrx_word' id='word_1_6' title='bbox 700 309 755 358; x_wconf 89' lang='lat' dir='ltr'><strong>in</strong></span> <span class='ocrx_word' id='word_1_7' title='bbox 774 320 990 373; x_wconf 85' lang='lat' dir='ltr'><strong>utraque</strong></span> <span class='ocrx_word' id='word_1_8' title='bbox 1017 309 1223 358; x_wconf 83' lang='lat' dir='ltr'><strong>fortuna</strong></span> <span class='ocrx_word' id='word_1_9' title='bbox 1243 299 1380 375; x_wconf 83' lang='lat' dir='ltr'><strong>apud</strong></span> <span class='ocrx_word' id='word_1_10' title='bbox 1401 326 1455 356; x_wconf 83' lang='lat' dir='ltr'><strong>se</strong></span> <span class='ocrx_word' id='word_1_11' title='bbox 1467 306 1651 358; x_wconf 83' lang='lat' dir='ltr'><strong>&#39;virtuti</strong></span> <span class='ocrx_word' id='word_1_12' title='bbox 1671 309 1979 374; x_wconf 83' lang='lat' dir='ltr'><strong>praemium</strong></span> 
     </span>
     <span class='ocr_line' id='line_1_3' title="bbox 440 374 1982 442; baseline -0.002 -15"><span class='ocrx_word' id='word_1_13' title='bbox 440 379 565 440; x_wconf 77' lang='lat' dir='ltr'><strong>sore,</strong></span> <span class='ocrx_word' id='word_1_14' title='bbox 584 377 877 442; x_wconf 77' lang='lat' dir='ltr'><strong>superstites</strong></span> <span class='ocrx_word' id='word_1_15' title='bbox 890 375 1160 423; x_wconf 83' lang='lat' dir='ltr'><strong>Persarum</strong></span> <span class='ocrx_word' id='word_1_16' title='bbox 1179 375 1356 440; x_wconf 83' lang='lat' dir='ltr'><strong>spoliis</strong></span> <span class='ocrx_word' id='word_1_17' title='bbox 1369 374 1518 424; x_wconf 85' lang='lat' dir='ltr'><strong>ditat:</strong></span> <span class='ocrx_word' id='word_1_18' title='bbox 1540 376 1840 424; x_wconf 85' lang='lat' dir='ltr'><strong>occisorum</strong></span> <span class='ocrx_word' id='word_1_19' title='bbox 1853 393 1982 425; x_wconf 78' lang='lat' dir='ltr'><strong>cor-</strong></span> 
     </span>
     <span class='ocr_line' id='line_1_4' title="bbox 438 440 1982 512; baseline -0.002 -18"><span class='ocrx_word' id='word_1_20' title='bbox 438 461 565 512; x_wconf 81' lang='lat' dir='ltr'><strong>pora</strong></span> <span class='ocrx_word' id='word_1_21' title='bbox 586 460 707 493; x_wconf 88' lang='lat' dir='ltr'><strong>cum</strong></span> <span class='ocrx_word' id='word_1_22' title='bbox 727 443 880 491; x_wconf 84' lang='lat' dir='ltr'><strong>armis</strong></span> <span class='ocrx_word' id='word_1_23' title='bbox 904 452 1172 506; x_wconf 85' lang='lat' dir='ltr'><strong>ceteroque</strong></span> <span class='ocrx_word' id='word_1_24' title='bbox 1193 443 1334 490; x_wconf 74' lang='lat' dir='ltr'><strong>cuitu</strong></span> <span class='ocrx_word' id='word_1_25' title='bbox 1353 442 1618 505; x_wconf 81' lang='lat' dir='ltr'><strong>magnifice</strong></span> <span class='ocrx_word' id='word_1_26' title='bbox 1639 440 1855 506; x_wconf 67' lang='lat' dir='ltr'><strong>sepelit:</strong></span> <span class='ocrx_word' id='word_1_27' title='bbox 1876 460 1982 508; x_wconf 84' lang='lat' dir='ltr'><strong>pa·-</strong></span> 
     </span>
     <span class='ocr_line' id='line_1_5' title="bbox 438 508 1982 572; baseline -0.002 -11"><span class='ocrx_word' id='word_1_28' title='bbox 438 511 670 562; x_wconf 81' lang='lat' dir='ltr'><strong>rentibus</strong></span> <span class='ocrx_word' id='word_1_29' title='bbox 694 525 877 558; x_wconf 87' lang='lat' dir='ltr'><strong>eorum</strong></span> <span class='ocrx_word' id='word_1_30' title='bbox 896 508 1174 572; x_wconf 75' lang='lat' dir='ltr'><strong>llberisque</strong></span> <span class='ocrx_word' id='word_1_31' title='bbox 1193 508 1512 557; x_wconf 82' lang='lat' dir='ltr'><strong>vacationem</strong></span> <span class='ocrx_word' id='word_1_32' title='bbox 1531 525 1821 556; x_wconf 78' lang='lat' dir='ltr'><strong>munerum</strong></span> <span class='ocrx_word' id='word_1_33' title='bbox 1842 525 1982 558; x_wconf 85' lang='lat' dir='ltr'><strong>con-</strong></span> 
     </span>
     <span class='ocr_line' id='line_1_6' title="bbox 440 575 1981 638; baseline -0.001 -12"><span class='ocrx_word' id='word_1_34' title='bbox 440 576 589 626; x_wconf 81' lang='lat' dir='ltr'><strong>cedit.</strong></span> <span class='ocrx_word' id='word_1_35' title='bbox 650 576 1055 626; x_wconf 83' lang='lat' dir='ltr'><strong>Vulneratorum</strong></span> <span class='ocrx_word' id='word_1_36' title='bbox 1085 575 1240 623; x_wconf 90' lang='lat' dir='ltr'><strong>etiam</strong></span> <span class='ocrx_word' id='word_1_37' title='bbox 1279 591 1400 624; x_wconf 85' lang='lat' dir='ltr'><strong>cura</strong></span> <span class='ocrx_word' id='word_1_38' title='bbox 1431 575 1706 623; x_wconf 78' lang='lat' dir='ltr'><strong>ambitiose</strong></span> <span class='ocrx_word' id='word_1_39' title='bbox 1736 586 1851 622; x_wconf 79' lang='lat' dir='ltr'><strong>aeta</strong></span> <span class='ocrx_word' id='word_1_40' title='bbox 1883 587 1981 638; x_wconf 83' lang='lat' dir='ltr'><strong>est,</strong></span> 
     </span>
     <span class='ocr_line' id='line_1_7' title="bbox 439 638 1982 710; baseline -0.002 -18"><span class='ocrx_word' id='word_1_41' title='bbox 439 645 687 710; x_wconf 80' lang='lat' dir='ltr'><strong>cumipse</strong></span> <span class='ocrx_word' id='word_1_42' title='bbox 706 659 799 691; x_wconf 83' lang='lat' dir='ltr'><strong>rex</strong></span> <span class='ocrx_word' id='word_1_43' title='bbox 820 639 1062 691; x_wconf 85' lang='lat' dir='ltr'><strong>obeundo</strong></span> <span class='ocrx_word' id='word_1_44' title='bbox 1091 641 1310 689; x_wconf 79' lang='lat' dir='ltr'><strong>tentoria</strong></span> <span class='ocrx_word' id='word_1_45' title='bbox 1349 653 1400 689; x_wconf 83' lang='lat' dir='ltr'><strong>et</strong></span> <span class='ocrx_word' id='word_1_46' title='bbox 1436 638 1760 706; x_wconf 86' lang='lat' dir='ltr'><strong>inspiciendo</strong></span> <span class='ocrx_word' id='word_1_47' title='bbox 1793 641 1982 704; x_wconf 84' lang='lat' dir='ltr'><strong>singu-</strong></span> 
     </span>
     <span class='ocr_line' id='line_1_8' title="bbox 438 707 1981 772; baseline -0.002 -12"><span class='ocrx_word' id='word_1_48' title='bbox 438 711 517 760; x_wconf 80' lang='lat' dir='ltr'><strong>los</strong></span> <span class='ocrx_word' id='word_1_49' title='bbox 536 707 939 760; x_wconf 86' lang='lat' dir='ltr'><strong>sollicitudinem</strong></span> <span class='ocrx_word' id='word_1_50' title='bbox 963 723 1112 754; x_wconf 85' lang='lat' dir='ltr'><strong>suam</strong></span> <span class='ocrx_word' id='word_1_51' title='bbox 1139 723 1236 772; x_wconf 90' lang='lat' dir='ltr'><strong>pro</strong></span> <span class='ocrx_word' id='word_1_52' title='bbox 1257 709 1498 772; x_wconf 81' lang='lat' dir='ltr'><strong>gregariis</strong></span> <span class='ocrx_word' id='word_1_53' title='bbox 1529 707 1687 756; x_wconf 85' lang='lat' dir='ltr'><strong>etiam</strong></span> <span class='ocrx_word' id='word_1_54' title='bbox 1715 708 1981 757; x_wconf 71' lang='lat' dir='ltr'><strong>militibus</strong></span> 
     </span>
     <span class='ocr_line' id='line_1_9' title="bbox 442 774 1983 838; baseline 0.002 -15"><span class='ocrx_word' id='word_1_55' title='bbox 442 786 731 836; x_wconf 76' lang='lat' dir='ltr'><strong>ostentaret,</strong></span> <span class='ocrx_word' id='word_1_56' title='bbox 771 791 829 822; x_wconf 86' lang='lat' dir='ltr'><strong>ac</strong></span> <span class='ocrx_word' id='word_1_57' title='bbox 870 789 1077 838; x_wconf 78' lang='lat' dir='ltr'><strong>gravem</strong></span> <span class='ocrx_word' id='word_1_58' title='bbox 1113 774 1362 837; x_wconf 84' lang='lat' dir='ltr'><strong>cuiusque</strong></span> <span class='ocrx_word' id='word_1_59' title='bbox 1403 789 1583 822; x_wconf 87' lang='lat' dir='ltr'><strong>casum</strong></span> <span class='ocrx_word' id='word_1_60' title='bbox 1619 775 1983 826; x_wconf 80' lang='lat' dir='ltr'><strong>munificentia</strong></span> 
     </span>
     <span class='ocr_line' id='line_1_10' title="bbox 439 838 1981 906; baseline 0 -14"><span class='ocrx_word' id='word_1_61' title='bbox 439 841 779 906; x_wconf 75' lang='lat' dir='ltr'><strong>laudibusque</strong></span> <span class='ocrx_word' id='word_1_62' title='bbox 808 852 896 890; x_wconf 74' lang='lat' dir='ltr'><strong>aut</strong></span> <span class='ocrx_word' id='word_1_63' title='bbox 924 839 1194 904; x_wconf 81' lang='lat' dir='ltr'><strong>promissis</strong></span> <span class='ocrx_word' id='word_1_64' title='bbox 1227 841 1494 889; x_wconf 80' lang='lat' dir='ltr'><strong>solaretur.</strong></span> <span class='ocrx_word' id='word_1_65' title='bbox 1563 838 1712 904; x_wconf 82' lang='lat' dir='ltr'><strong>Quae</strong></span> <span class='ocrx_word' id='word_1_66' title='bbox 1753 843 1981 892; x_wconf 86' lang='lat' dir='ltr'><strong>comitas</strong></span> 
     </span>
     <span class='ocr_line' id='line_1_11' title="bbox 440 905 1981 974; baseline 0.001 -17"><span class='ocrx_word' id='word_1_67' title='bbox 440 910 503 962; x_wconf 62' lang='lat' dir='ltr'><strong>in</strong></span> <span class='ocrx_word' id='word_1_68' title='bbox 517 909 690 958; x_wconf 82' lang='lat' dir='ltr'><strong>omnia</strong></span> <span class='ocrx_word' id='word_1_69' title='bbox 708 905 950 974; x_wconf 85' lang='lat' dir='ltr'><strong>deinceps·</strong></span> <span class='ocrx_word' id='word_1_70' title='bbox 970 907 1200 971; x_wconf 77' lang='lat' dir='ltr'><strong>pericula</strong></span> <span class='ocrx_word' id='word_1_71' title='bbox 1219 905 1490 956; x_wconf 78' lang='lat' dir='ltr'><strong>fidissimos</strong></span> <span class='ocrx_word' id='word_1_72' title='bbox 1512 907 1559 954; x_wconf 87' lang='lat' dir='ltr'><strong>ei</strong></span> <span class='ocrx_word' id='word_1_73' title='bbox 1578 908 1860 972; x_wconf 84' lang='lat' dir='ltr'><strong>praestitit:</strong></span> <span class='ocrx_word' id='word_1_74' title='bbox 1881 926 1981 958; x_wconf 88' lang='lat' dir='ltr'><strong>nec</strong></span> 
     </span>
     <span class='ocr_line' id='line_1_12' title="bbox 442 974 1977 1042; baseline 0 -18"><span class='ocrx_word' id='word_1_75' title='bbox 442 977 713 1042; x_wconf 84' lang='lat' dir='ltr'><strong>quisquam</strong></span> <span class='ocrx_word' id='word_1_76' title='bbox 740 975 989 1024; x_wconf 80' lang='lat' dir='ltr'><strong>recusavit</strong></span> <span class='ocrx_word' id='word_1_77' title='bbox 1017 975 1255 1038; x_wconf 83' lang='lat' dir='ltr'><strong>spiritum</strong></span> <span class='ocrx_word' id='word_1_78' title='bbox 1283 990 1377 1038; x_wconf 87' lang='lat' dir='ltr'><strong>pro</strong></span> <span class='ocrx_word' id='word_1_79' title='bbox 1409 990 1470 1022; x_wconf 90' lang='lat' dir='ltr'><strong>eo</strong></span> <span class='ocrx_word' id='word_1_80' title='bbox 1494 989 1614 1037; x_wconf 85' lang='lat' dir='ltr'><strong>rege</strong></span> <span class='ocrx_word' id='word_1_81' title='bbox 1633 974 1977 1038; x_wconf 73' lang='lat' dir='ltr'><strong>profundere,</strong></span> 
     </span>
     <span class='ocr_line' id='line_1_13' title="bbox 442 1040 1978 1106; baseline 0.001 -17"><span class='ocrx_word' id='word_1_82' title='bbox 442 1044 531 1106; x_wconf 87' lang='lat' dir='ltr'><strong>qui</strong></span> <span class='ocrx_word' id='word_1_83' title='bbox 552 1059 718 1106; x_wconf 88' lang='lat' dir='ltr'><strong>neque</strong></span> <span class='ocrx_word' id='word_1_84' title='bbox 736 1042 896 1091; x_wconf 76' lang='lat' dir='ltr'><strong>vitam</strong></span> <span class='ocrx_word' id='word_1_85' title='bbox 910 1057 1132 1088; x_wconf 75' lang='lat' dir='ltr'><strong>suorum</strong></span> <span class='ocrx_word' id='word_1_86' title='bbox 1161 1040 1395 1105; x_wconf 78' lang='lat' dir='ltr'><strong>inopem,=</strong></span> <span class='ocrx_word' id='word_1_87' title='bbox 1423 1057 1592 1104; x_wconf 84' lang='lat' dir='ltr'><strong>neque</strong></span> <span class='ocrx_word' id='word_1_88' title='bbox 1625 1052 1857 1090; x_wconf 88' lang='lat' dir='ltr'><strong>mortem</strong></span> <span class='ocrx_word' id='word_1_89' title='bbox 1888 1043 1978 1090; x_wconf 87' lang='lat' dir='ltr'><strong>in·-</strong></span> 
     </span>
     <span class='ocr_line' id='line_1_14' title="bbox 440 1104 1974 1172; baseline 0 -16"><span class='ocrx_word' id='word_1_90' title='bbox 440 1107 763 1166; x_wconf 81' lang='lat' dir='ltr'><strong>honoratam,</strong></span> <span class='ocrx_word' id='word_1_91' title='bbox 780 1118 1057 1172; x_wconf 82' lang='lat' dir='ltr'><strong>pateretur.</strong></span> <span class='ocrx_word' id='word_1_92' title='bbox 1095 1105 1313 1169; x_wconf 81' lang='lat' dir='ltr'><strong>Insignis</strong></span> <span class='ocrx_word' id='word_1_93' title='bbox 1334 1121 1454 1169; x_wconf 85' lang='lat' dir='ltr'><strong>prae</strong></span> <span class='ocrx_word' id='word_1_94' title='bbox 1476 1107 1656 1155; x_wconf 84' lang='lat' dir='ltr'><strong>ceteris</strong></span> <span class='ocrx_word' id='word_1_95' title='bbox 1678 1104 1854 1156; x_wconf 86' lang='lat' dir='ltr'><strong>honor</strong></span> <span class='ocrx_word' id='word_1_96' title='bbox 1872 1109 1974 1156; x_wconf 79' lang='lat' dir='ltr'><strong>fuit</strong></span> 
     </span>
     <span class='ocr_line' id='line_1_15' title="bbox 440 1173 1977 1239; baseline 0.002 -18"><span class='ocrx_word' id='word_1_97' title='bbox 440 1174 620 1236; x_wconf 71' lang='lat' dir='ltr'><strong>viginti</strong></span> <span class='ocrx_word' id='word_1_98' title='bbox 661 1174 889 1238; x_wconf 82' lang='lat' dir='ltr'><strong>quinque</strong></span> <span class='ocrx_word' id='word_1_99' title='bbox 928 1173 1163 1237; x_wconf 86' lang='lat' dir='ltr'><strong>equitum</strong></span> <span class='ocrx_word' id='word_1_100' title='bbox 1197 1187 1261 1220; x_wconf 83' lang='lat' dir='ltr'><strong>ex</strong></span> <span class='ocrx_word' id='word_1_101' title='bbox 1287 1179 1472 1220; x_wconf 82' lang='lat' dir='ltr'><strong>turma&#39;</strong></span> <span class='ocrx_word' id='word_1_102' title='bbox 1494 1174 1798 1232; x_wconf 83' lang='lat' dir='ltr'><strong>amicorum,</strong></span> <span class='ocrx_word' id='word_1_103' title='bbox 1841 1191 1977 1239; x_wconf 80' lang='lat' dir='ltr'><strong>quos</strong></span> 
     </span>
     <span class='ocr_line' id='line_1_16' title="bbox 440 1239 1981 1306; baseline 0.002 -19"><span class='ocrx_word' id='word_1_104' title='bbox 440 1241 609 1306; x_wconf 84' lang='lat' dir='ltr'><strong>primo</strong></span> <span class='ocrx_word' id='word_1_105' title='bbox 631 1240 805 1288; x_wconf 73' lang='lat' dir='ltr'><strong>statIm</strong></span> <span class='ocrx_word' id='word_1_106' title='bbox 825 1253 1100 1303; x_wconf 80' lang='lat' dir='ltr'><strong>congressu</strong></span> <span class='ocrx_word' id='word_1_107' title='bbox 1122 1253 1184 1286; x_wconf 84' lang='lat' dir='ltr'><strong>ex</strong></span> <span class='ocrx_word' id='word_1_108' title='bbox 1203 1239 1381 1304; x_wconf 85' lang='lat' dir='ltr'><strong>iniquo</strong></span> <span class='ocrx_word' id='word_1_109' title='bbox 1396 1240 1513 1287; x_wconf 91' lang='lat' dir='ltr'><strong>loco</strong></span> <span class='ocrx_word' id='word_1_110' title='bbox 1526 1249 1816 1305; x_wconf 78' lang='lat' dir='ltr'><strong>pugnantes</strong></span> <span class='ocrx_word' id='word_1_111' title='bbox 1825 1243 1981 1290; x_wconf 79' lang='lat' dir='ltr'><strong>mul·-</strong></span> 
     </span>
     <span class='ocr_line' id='line_1_17' title="bbox 442 1304 1978 1373; baseline 0.002 -18"><span class='ocrx_word' id='word_1_112' title='bbox 442 1305 609 1355; x_wconf 84' lang='lat' dir='ltr'><strong>titudo</strong></span> <span class='ocrx_word' id='word_1_113' title='bbox 634 1304 908 1355; x_wconf 81' lang='lat' dir='ltr'><strong>Persarum</strong></span> <span class='ocrx_word' id='word_1_114' title='bbox 945 1317 1284 1370; x_wconf 79' lang='lat' dir='ltr'><strong>oppresserat.</strong></span> <span class='ocrx_word' id='word_1_115' title='bbox 1335 1306 1472 1356; x_wconf 79' lang='lat' dir='ltr'><strong>Nam</strong></span> <span class='ocrx_word' id='word_1_116' title='bbox 1507 1307 1754 1373; x_wconf 76' lang='lat' dir='ltr'><strong>Lysippo,</strong></span> <span class='ocrx_word' id='word_1_117' title='bbox 1797 1327 1830 1358; x_wconf 80' lang='lat' dir='ltr'><strong>a</strong></span> <span class='ocrx_word' id='word_1_118' title='bbox 1869 1325 1978 1373; x_wconf 87' lang='lat' dir='ltr'><strong>quo</strong></span> 
     </span>
     <span class='ocr_line' id='line_1_18' title="bbox 442 1372 1982 1439; baseline 0.001 -17"><span class='ocrx_word' id='word_1_119' title='bbox 442 1389 560 1436; x_wconf 84' lang='lat' dir='ltr'><strong>uuo,</strong></span> <span class='ocrx_word' id='word_1_120' title='bbox 598 1385 809 1439; x_wconf 84' lang='lat' dir='ltr'><strong>propter</strong></span> <span class='ocrx_word' id='word_1_121' title='bbox 826 1372 1050 1422; x_wconf 86' lang='lat' dir='ltr'><strong>hominis</strong></span> <span class='ocrx_word' id='word_1_122' title='bbox 1071 1374 1325 1437; x_wconf 83' lang='lat' dir='ltr'><strong>peritiam,</strong></span> <span class='ocrx_word' id='word_1_123' title='bbox 1364 1375 1417 1421; x_wconf 84' lang='lat' dir='ltr'><strong>in</strong></span> <span class='ocrx_word' id='word_1_124' title='bbox 1449 1390 1567 1422; x_wconf 83' lang='lat' dir='ltr'><strong>aere</strong></span> <span class='ocrx_word' id='word_1_125' title='bbox 1582 1375 1702 1436; x_wconf 84' lang='lat' dir='ltr'><strong>fingi</strong></span> <span class='ocrx_word' id='word_1_126' title='bbox 1723 1375 1982 1436; x_wconf 82' lang='lat' dir='ltr'><strong>voluerat,</strong></span> 
     </span>
     <span class='ocr_line' id='line_1_19' title="bbox 440 1441 1983 1506; baseline 0.001 -17"><span class='ocrx_word' id='word_1_127' title='bbox 440 1441 721 1506; x_wconf 75' lang='lat' dir='ltr'><strong>imperavit,</strong></span> <span class='ocrx_word' id='word_1_128' title='bbox 740 1452 800 1490; x_wconf 89' lang='lat' dir='ltr'><strong>ut</strong></span> <span class='ocrx_word' id='word_1_129' title='bbox 822 1451 1076 1504; x_wconf 81' lang='lat' dir='ltr'><strong>equestres</strong></span> <span class='ocrx_word' id='word_1_130' title='bbox 1099 1441 1223 1506; x_wconf 84' lang='lat' dir='ltr'><strong>ipsis</strong></span> <span class='ocrx_word' id='word_1_131' title='bbox 1245 1451 1432 1489; x_wconf 78' lang='lat' dir='ltr'><strong>statuas</strong></span> <span class='ocrx_word' id='word_1_132' title='bbox 1453 1441 1661 1488; x_wconf 81' lang='lat' dir='ltr'><strong>faceret:</strong></span> <span class='ocrx_word' id='word_1_133' title='bbox 1683 1455 1810 1506; x_wconf 85' lang='lat' dir='ltr'><strong>quas</strong></span> <span class='ocrx_word' id='word_1_134' title='bbox 1835 1442 1983 1506; x_wconf 83' lang='lat' dir='ltr'><strong>apud</strong></span> 
     </span>
     <span class='ocr_line' id='line_1_20' title="bbox 439 1505 1984 1572; baseline 0 -14"><span class='ocrx_word' id='word_1_135' title='bbox 439 1505 579 1558; x_wconf 82' lang='lat' dir='ltr'><strong>Dion</strong></span> <span class='ocrx_word' id='word_1_136' title='bbox 598 1505 905 1556; x_wconf 76' lang='lat' dir='ltr'><strong>Maedoniac</strong></span> <span class='ocrx_word' id='word_1_137' title='bbox 922 1505 1175 1572; x_wconf 85' lang='lat' dir='ltr'><strong>oppidum</strong></span> <span class='ocrx_word' id='word_1_138' title='bbox 1195 1509 1479 1569; x_wconf 82' lang='lat' dir='ltr'><strong>collocatas,</strong></span> <span class='ocrx_word' id='word_1_139' title='bbox 1499 1518 1617 1572; x_wconf 86' lang='lat' dir='ltr'><strong>post</strong></span> <span class='ocrx_word' id='word_1_140' title='bbox 1641 1507 1862 1570; x_wconf 84' lang='lat' dir='ltr'><strong>longam</strong></span> <span class='ocrx_word' id='word_1_141' title='bbox 1882 1527 1984 1558; x_wconf 85' lang='lat' dir='ltr'><strong>ae·-</strong></span> 
     </span>
     <span class='ocr_line' id='line_1_21' title="bbox 438 1573 1982 1639; baseline 0.003 -18"><span class='ocrx_word' id='word_1_142' title='bbox 438 1583 612 1633; x_wconf 76' lang='lat' dir='ltr'><strong>tatem,</strong></span> <span class='ocrx_word' id='word_1_143' title='bbox 633 1574 825 1622; x_wconf 82' lang='lat' dir='ltr'><strong>abolito</strong></span> <span class='ocrx_word' id='word_1_144' title='bbox 846 1573 1195 1624; x_wconf 81' lang='lat' dir='ltr'><strong>Macedonum</strong></span> <span class='ocrx_word' id='word_1_145' title='bbox 1215 1591 1390 1639; x_wconf 80' lang='lat' dir='ltr'><strong>regno,</strong></span> <span class='ocrx_word' id='word_1_146' title='bbox 1412 1574 1478 1637; x_wconf 86' lang='lat' dir='ltr'><strong>Q.</strong></span> <span class='ocrx_word' id='word_1_147' title='bbox 1489 1573 1729 1623; x_wconf 84' lang='lat' dir='ltr'><strong>Metellus</strong></span> <span class='ocrx_word' id='word_1_148' title='bbox 1743 1574 1982 1626; x_wconf 62' lang='lat' dir='ltr'><strong>Romam</strong></span> 
     </span>
     <span class='ocr_line' id='line_1_22' title="bbox 438 1637 1980 1706; baseline 0.004 -20"><span class='ocrx_word' id='word_1_149' title='bbox 438 1641 711 1688; x_wconf 80' lang='lat' dir='ltr'><strong>transtulit.</strong></span> <span class='ocrx_word' id='word_1_150' title='bbox 748 1637 985 1688; x_wconf 86' lang='lat' dir='ltr'><strong>Primum</strong></span> <span class='ocrx_word' id='word_1_151' title='bbox 1004 1639 1155 1688; x_wconf 84' lang='lat' dir='ltr'><strong>huius</strong></span> <span class='ocrx_word' id='word_1_152' title='bbox 1173 1641 1415 1689; x_wconf 78' lang='lat' dir='ltr'><strong>victoriae</strong></span> <span class='ocrx_word' id='word_1_153' title='bbox 1435 1640 1590 1690; x_wconf 84' lang='lat' dir='ltr'><strong>decus</strong></span> <span class='ocrx_word' id='word_1_154' title='bbox 1610 1657 1770 1704; x_wconf 85' lang='lat' dir='ltr'><strong>penes</strong></span> <span class='ocrx_word' id='word_1_155' title='bbox 1795 1642 1980 1706; x_wconf 86' lang='lat' dir='ltr'><strong>ipsum</strong></span> 
     </span>
     <span class='ocr_line' id='line_1_23' title="bbox 436 1704 1980 1774; baseline 0.003 -21"><span class='ocrx_word' id='word_1_156' title='bbox 436 1721 611 1767; x_wconf 84' lang='lat' dir='ltr'><strong>regem</strong></span> <span class='ocrx_word' id='word_1_157' title='bbox 632 1708 747 1756; x_wconf 74' lang='lat' dir='ltr'><strong>fuit.</strong></span> <span class='ocrx_word' id='word_1_158' title='bbox 813 1704 995 1756; x_wconf 85' lang='lat' dir='ltr'><strong>Aciem</strong></span> <span class='ocrx_word' id='word_1_159' title='bbox 1017 1708 1212 1771; x_wconf 85' lang='lat' dir='ltr'><strong>optime</strong></span> <span class='ocrx_word' id='word_1_160' title='bbox 1233 1708 1558 1768; x_wconf 78' lang='lat' dir='ltr'><strong>instruxerat,</strong></span> <span class='ocrx_word' id='word_1_161' title='bbox 1600 1707 1980 1774; x_wconf 82' lang='lat' dir='ltr'><strong>observataque</strong></span> 
     </span>
     <span class='ocr_line' id='line_1_24' title="bbox 437 1771 1978 1838; baseline 0.004 -20"><span class='ocrx_word' id='word_1_162' title='bbox 437 1771 541 1818; x_wconf 87' lang='lat' dir='ltr'><strong>loci</strong></span> <span class='ocrx_word' id='word_1_163' title='bbox 558 1783 756 1829; x_wconf 81' lang='lat' dir='ltr'><strong>natura,</strong></span> <span class='ocrx_word' id='word_1_164' title='bbox 796 1773 1035 1837; x_wconf 77' lang='lat' dir='ltr'><strong>obliquos</strong></span> <span class='ocrx_word' id='word_1_165' title='bbox 1055 1791 1148 1838; x_wconf 84' lang='lat' dir='ltr'><strong>per</strong></span> <span class='ocrx_word' id='word_1_166' title='bbox 1181 1775 1377 1822; x_wconf 81' lang='lat' dir='ltr'><strong>ss-umen</strong></span> <span class='ocrx_word' id='word_1_167' title='bbox 1399 1774 1602 1822; x_wconf 84' lang='lat' dir='ltr'><strong>ordines</strong></span> <span class='ocrx_word' id='word_1_168' title='bbox 1625 1772 1859 1836; x_wconf 81' lang='lat' dir='ltr'><strong>duxerat,</strong></span> <span class='ocrx_word' id='word_1_169' title='bbox 1905 1793 1978 1825; x_wconf 80' lang='lat' dir='ltr'><strong>ne</strong></span> 
     </span>
     <span class='ocr_line' id='line_1_25' title="bbox 437 1837 1978 1904; baseline 0.004 -20"><span class='ocrx_word' id='word_1_170' title='bbox 437 1837 625 1896; x_wconf 82' lang='lat' dir='ltr'><strong>statim,</strong></span> <span class='ocrx_word' id='word_1_171' title='bbox 664 1853 784 1885; x_wconf 85' lang='lat' dir='ltr'><strong>cum</strong></span> <span class='ocrx_word' id='word_1_172' title='bbox 805 1855 867 1887; x_wconf 83' lang='lat' dir='ltr'><strong>ex</strong></span> <span class='ocrx_word' id='word_1_173' title='bbox 888 1855 1017 1904; x_wconf 85' lang='lat' dir='ltr'><strong>aqua</strong></span> <span class='ocrx_word' id='word_1_174' title='bbox 1038 1840 1332 1901; x_wconf 75' lang='lat' dir='ltr'><strong>evasissent,</strong></span> <span class='ocrx_word' id='word_1_175' title='bbox 1353 1859 1380 1888; x_wconf 83' lang='lat' dir='ltr'><strong>a</strong></span> <span class='ocrx_word' id='word_1_176' title='bbox 1403 1838 1566 1890; x_wconf 87' lang='lat' dir='ltr'><strong>Persis</strong></span> <span class='ocrx_word' id='word_1_177' title='bbox 1586 1840 1978 1890; x_wconf 61' lang='lat' dir='ltr'><strong>mvnda-entur.</strong></span> 
     </span>
     <span class='ocr_line' id='line_1_26' title="bbox 436 1902 1971 1968; baseline 0.004 -18"><span class='ocrx_word' id='word_1_178' title='bbox 436 1903 693 1951; x_wconf 85' lang='lat' dir='ltr'><strong>Turbatos</strong></span> <span class='ocrx_word' id='word_1_179' title='bbox 735 1902 923 1950; x_wconf 88' lang='lat' dir='ltr'><strong>deinde</strong></span> <span class='ocrx_word' id='word_1_180' title='bbox 962 1903 1272 1968; x_wconf 75' lang='lat' dir='ltr'><strong>territosque</strong></span> <span class='ocrx_word' id='word_1_181' title='bbox 1313 1907 1575 1968; x_wconf 70' lang='lat' dir='ltr'><strong>excitavit,</strong></span> <span class='ocrx_word' id='word_1_182' title='bbox 1614 1906 1853 1968; x_wconf 81' lang='lat' dir='ltr'><strong>hortatus,</strong></span> <span class='ocrx_word' id='word_1_183' title='bbox 1895 1913 1971 1956; x_wconf 78' lang='lat' dir='ltr'><strong>ut</strong></span> 
     </span>
     <span class='ocr_line' id='line_1_27' title="bbox 437 1965 1972 2025; baseline 0.003 -5"><span class='ocrx_word' id='word_1_184' title='bbox 437 1967 637 2020; x_wconf 71' lang='lat' dir='ltr'><strong>saltem</strong></span> <span class='ocrx_word' id='word_1_185' title='bbox 673 1965 845 2018; x_wconf 73' lang='lat' dir='ltr'><strong>semel</strong></span> <span class='ocrx_word' id='word_1_186' title='bbox 880 1967 1064 2018; x_wconf 77' lang='lat' dir='ltr'><strong>adhuc</strong></span> <span class='ocrx_word' id='word_1_187' title='bbox 1101 1976 1326 2019; x_wconf 74' lang='lat' dir='ltr'><strong>strenue</strong></span> <span class='ocrx_word' id='word_1_188' title='bbox 1370 1970 1723 2022; x_wconf 76' lang='lat' dir='ltr'><strong>adorirentur</strong></span> <span class='ocrx_word' id='word_1_189' title='bbox 1759 1971 1972 2025; x_wconf 74' lang='lat' dir='ltr'><strong>hostes.</strong></span> 
     </span>
     <span class='ocr_line' id='line_1_28' title="bbox 436 2036 1973 2103; baseline 0.001 -16"><span class='ocrx_word' id='word_1_190' title='bbox 436 2037 617 2103; x_wconf 82' lang='lat' dir='ltr'><strong>Neque</strong></span> <span class='ocrx_word' id='word_1_191' title='bbox 640 2037 813 2086; x_wconf 88' lang='lat' dir='ltr'><strong>minus</strong></span> <span class='ocrx_word' id='word_1_192' title='bbox 835 2053 993 2085; x_wconf 80' lang='lat' dir='ltr'><strong>manu</strong></span> <span class='ocrx_word' id='word_1_193' title='bbox 1015 2036 1218 2086; x_wconf 84' lang='lat' dir='ltr'><strong>fortiter</strong></span> <span class='ocrx_word' id='word_1_194' title='bbox 1233 2053 1356 2086; x_wconf 85' lang='lat' dir='ltr'><strong>usus</strong></span> <span class='ocrx_word' id='word_1_195' title='bbox 1378 2050 1511 2088; x_wconf 86' lang='lat' dir='ltr'><strong>erat:</strong></span> <span class='ocrx_word' id='word_1_196' title='bbox 1546 2041 1742 2090; x_wconf 83' lang='lat' dir='ltr'><strong>multos</strong></span> <span class='ocrx_word' id='word_1_197' title='bbox 1772 2041 1973 2102; x_wconf 83' lang='lat' dir='ltr'><strong>lancea,</strong></span> 
     </span>
     <span class='ocr_line' id='line_1_29' title="bbox 440 2104 1976 2171; baseline 0.001 -17"><span class='ocrx_word' id='word_1_198' title='bbox 440 2105 568 2154; x_wconf 83' lang='lat' dir='ltr'><strong>alios</strong></span> <span class='ocrx_word' id='word_1_199' title='bbox 591 2121 709 2155; x_wconf 84' lang='lat' dir='ltr'><strong>ense</strong></span> <span class='ocrx_word' id='word_1_200' title='bbox 732 2104 1041 2158; x_wconf 86' lang='lat' dir='ltr'><strong>confecerat:</strong></span> <span class='ocrx_word' id='word_1_201' title='bbox 1060 2105 1317 2168; x_wconf 84' lang='lat' dir='ltr'><strong>primique</strong></span> <span class='ocrx_word' id='word_1_202' title='bbox 1339 2121 1401 2152; x_wconf 83' lang='lat' dir='ltr'><strong>ex</strong></span> <span class='ocrx_word' id='word_1_203' title='bbox 1421 2104 1657 2155; x_wconf 84' lang='lat' dir='ltr'><strong>hostibus</strong></span> <span class='ocrx_word' id='word_1_204' title='bbox 1680 2109 1856 2171; x_wconf 84' lang='lat' dir='ltr'><strong>sugam</strong></span> <span class='ocrx_word' id='word_1_205' title='bbox 1879 2125 1976 2156; x_wconf 80' lang='lat' dir='ltr'><strong>ar-</strong></span> 
     </span>
     <span class='ocr_line' id='line_1_30' title="bbox 438 2171 1977 2238; baseline 0.003 -18"><span class='ocrx_word' id='word_1_206' title='bbox 438 2171 729 2238; x_wconf 83' lang='lat' dir='ltr'><strong>ripuerunt,</strong></span> <span class='ocrx_word' id='word_1_207' title='bbox 770 2173 857 2238; x_wconf 88' lang='lat' dir='ltr'><strong>qui</strong></span> <span class='ocrx_word' id='word_1_208' title='bbox 880 2184 1053 2220; x_wconf 85' lang='lat' dir='ltr'><strong>contra</strong></span> <span class='ocrx_word' id='word_1_209' title='bbox 1075 2171 1246 2234; x_wconf 85' lang='lat' dir='ltr'><strong>ipsum</strong></span> <span class='ocrx_word' id='word_1_210' title='bbox 1267 2172 1613 2220; x_wconf 86' lang='lat' dir='ltr'><strong>constiterant.</strong></span> <span class='ocrx_word' id='word_1_211' title='bbox 1631 2215 1646 2224; x_wconf 69' lang='grc'>,</span> <span class='ocrx_word' id='word_1_212' title='bbox 1672 2172 1977 2226; x_wconf 82' lang='lat' dir='ltr'><strong>Consilium</strong></span> 
     </span>
     <span class='ocr_line' id='line_1_31' title="bbox 440 2238 1976 2305; baseline 0.001 -20"><span class='ocrx_word' id='word_1_213' title='bbox 440 2253 645 2303; x_wconf 84' lang='lat' dir='ltr'><strong>quoque</strong></span> <span class='ocrx_word' id='word_1_214' title='bbox 664 2239 825 2302; x_wconf 86' lang='lat' dir='ltr'><strong>ipsius</strong></span> <span class='ocrx_word' id='word_1_215' title='bbox 848 2239 1026 2288; x_wconf 78' lang='lat' dir='ltr'><strong>audaci</strong></span> <span class='ocrx_word' id='word_1_216' title='bbox 1040 2238 1222 2301; x_wconf 81' lang='lat' dir='ltr'><strong>specie,</strong></span> <span class='ocrx_word' id='word_1_217' title='bbox 1243 2239 1358 2302; x_wconf 84' lang='lat' dir='ltr'><strong>plus</strong></span> <span class='ocrx_word' id='word_1_218' title='bbox 1371 2249 1542 2299; x_wconf 79' lang='lat' dir='ltr'><strong>tamen</strong></span> <span class='ocrx_word' id='word_1_219' title='bbox 1555 2241 1784 2301; x_wconf 85' lang='lat' dir='ltr'><strong>rationis,</strong></span> <span class='ocrx_word' id='word_1_220' title='bbox 1807 2257 1976 2305; x_wconf 77' lang='lat' dir='ltr'><strong>quam</strong></span> 
     </span>
     <span class='ocr_line' id='line_1_32' title="bbox 438 2303 1977 2366; baseline 0.002 -11"><span class='ocrx_word' id='word_1_221' title='bbox 438 2305 753 2366; x_wconf 82' lang='lat' dir='ltr'><strong>temeritatis,</strong></span> <span class='ocrx_word' id='word_1_222' title='bbox 794 2305 988 2355; x_wconf 86' lang='lat' dir='ltr'><strong>habuit.</strong></span> <span class='ocrx_word' id='word_1_223' title='bbox 1037 2303 1360 2366; x_wconf 83' lang='lat' dir='ltr'><strong>Pugnaturos</strong></span> <span class='ocrx_word' id='word_1_224' title='bbox 1379 2303 1618 2354; x_wconf 82' lang='lat' dir='ltr'><strong>adversus</strong></span> <span class='ocrx_word' id='word_1_225' title='bbox 1638 2305 1846 2356; x_wconf 86' lang='lat' dir='ltr'><strong>hostem</strong></span> <span class='ocrx_word' id='word_1_226' title='bbox 1864 2326 1977 2358; x_wconf 86' lang='lat' dir='ltr'><strong>no·-</strong></span> 
     </span>
     <span class='ocr_line' id='line_1_33' title="bbox 436 2371 1977 2438; baseline 0.002 -16"><span class='ocrx_word' id='word_1_227' title='bbox 436 2388 579 2433; x_wconf 78' lang='lat' dir='ltr'><strong>vum,</strong></span> <span class='ocrx_word' id='word_1_228' title='bbox 601 2387 919 2435; x_wconf 86' lang='lat' dir='ltr'><strong>numeroque</strong></span> <span class='ocrx_word' id='word_1_229' title='bbox 940 2375 1092 2436; x_wconf 86' lang='lat' dir='ltr'><strong>longe</strong></span> <span class='ocrx_word' id='word_1_230' title='bbox 1113 2372 1446 2434; x_wconf 85' lang='lat' dir='ltr'><strong>superiorem,</strong></span> <span class='ocrx_word' id='word_1_231' title='bbox 1469 2373 1621 2421; x_wconf 85' lang='lat' dir='ltr'><strong>etiam</strong></span> <span class='ocrx_word' id='word_1_232' title='bbox 1641 2371 1977 2438; x_wconf 82' lang='lat' dir='ltr'><strong>desperatio·-</strong></span> 
     </span>
     <span class='ocr_line' id='line_1_34' title="bbox 438 2438 1976 2501; baseline 0.002 -13"><span class='ocrx_word' id='word_1_233' title='bbox 438 2449 509 2488; x_wconf 80' lang='lat' dir='ltr'><strong>ne&#39;</strong></span> <span class='ocrx_word' id='word_1_234' title='bbox 525 2455 721 2488; x_wconf 84' lang='lat' dir='ltr'><strong>armare</strong></span> <span class='ocrx_word' id='word_1_235' title='bbox 740 2439 1001 2498; x_wconf 77' lang='lat' dir='ltr'><strong>voluerat,</strong></span> <span class='ocrx_word' id='word_1_236' title='bbox 1022 2449 1082 2486; x_wconf 81' lang='lat' dir='ltr'><strong>ut</strong></span> <span class='ocrx_word' id='word_1_237' title='bbox 1104 2438 1386 2501; x_wconf 79' lang='lat' dir='ltr'><strong>praecisam</strong></span> <span class='ocrx_word' id='word_1_238' title='bbox 1405 2439 1608 2487; x_wconf 88' lang='lat' dir='ltr'><strong>obiectu</strong></span> <span class='ocrx_word' id='word_1_239' title='bbox 1626 2441 1858 2490; x_wconf 84' lang='lat' dir='ltr'><strong>fluminis</strong></span> <span class='ocrx_word' id='word_1_240' title='bbox 1881 2442 1976 2491; x_wconf 81' lang='lat' dir='ltr'><strong>fu·-</strong></span> 
     </span>
     <span class='ocr_line' id='line_1_35' title="bbox 436 2501 1975 2570; baseline 0.002 -16"><span class='ocrx_word' id='word_1_241' title='bbox 436 2521 555 2570; x_wconf 76' lang='lat' dir='ltr'><strong>gam</strong></span> <span class='ocrx_word' id='word_1_242' title='bbox 576 2507 867 2570; x_wconf 80' lang='lat' dir='ltr'><strong>conspicati,</strong></span> <span class='ocrx_word' id='word_1_243' title='bbox 890 2521 1101 2553; x_wconf 87' lang='lat' dir='ltr'><strong>omnem</strong></span> <span class='ocrx_word' id='word_1_244' title='bbox 1127 2504 1304 2553; x_wconf 80' lang='lat' dir='ltr'><strong>salutis</strong></span> <span class='ocrx_word' id='word_1_245' title='bbox 1326 2521 1470 2570; x_wconf 88' lang='lat' dir='ltr'><strong>spem</strong></span> <span class='ocrx_word' id='word_1_246' title='bbox 1491 2501 1542 2552; x_wconf 74' lang='lat' dir='ltr'><strong>i‘n</strong></span> <span class='ocrx_word' id='word_1_247' title='bbox 1561 2507 1771 2557; x_wconf 74' lang='lat' dir='ltr'><strong>victoria</strong></span> <span class='ocrx_word' id='word_1_248' title='bbox 1796 2509 1975 2557; x_wconf 83' lang='lat' dir='ltr'><strong>collo-</strong></span> 
     </span>
     <span class='ocr_line' id='line_1_36' title="bbox 440 2570 1970 2637; baseline 0.004 -19"><span class='ocrx_word' id='word_1_249' title='bbox 440 2583 628 2628; x_wconf 78' lang='lat' dir='ltr'><strong>carent.</strong></span> <span class='ocrx_word' id='word_1_250' title='bbox 684 2571 1059 2620; x_wconf 81' lang='lat' dir='ltr'><strong>Thess&#39;aloru&#39;m</strong></span> <span class='ocrx_word' id='word_1_251' title='bbox 1080 2571 1249 2630; x_wconf 69' lang='lat' dir='ltr'><strong>etiam,</strong></span> <span class='ocrx_word' id='word_1_252' title='bbox 1290 2587 1410 2618; x_wconf 83' lang='lat' dir='ltr'><strong>nam</strong></span> <span class='ocrx_word' id='word_1_253' title='bbox 1443 2572 1496 2619; x_wconf 85' lang='lat' dir='ltr'><strong>id</strong></span> <span class='ocrx_word' id='word_1_254' title='bbox 1523 2570 1686 2620; x_wconf 86' lang='lat' dir='ltr'><strong>robur</strong></span> <span class='ocrx_word' id='word_1_255' title='bbox 1706 2576 1970 2637; x_wconf 84' lang='lat' dir='ltr'><strong>equitatus</strong></span> 
     </span>
     <span class='ocr_line' id='line_1_37' title="bbox 438 2637 1968 2704; baseline 0.006 -20"><span class='ocrx_word' id='word_1_256' title='bbox 438 2645 561 2698; x_wconf 76' lang='lat' dir='ltr'><strong>erat,</strong></span> <span class='ocrx_word' id='word_1_257' title='bbox 580 2637 789 2701; x_wconf 77' lang='lat' dir='ltr'><strong>insignis</strong></span> <span class='ocrx_word' id='word_1_258' title='bbox 811 2655 871 2686; x_wconf 82' lang='lat' dir='ltr'><strong>ec</strong></span> <span class='ocrx_word' id='word_1_259' title='bbox 894 2637 978 2685; x_wconf 82' lang='lat' dir='ltr'><strong>die</strong></span> <span class='ocrx_word' id='word_1_260' title='bbox 1000 2653 1157 2700; x_wconf 84' lang='lat' dir='ltr'><strong>opera</strong></span> <span class='ocrx_word' id='word_1_261' title='bbox 1178 2639 1385 2688; x_wconf 83' lang='lat' dir='ltr'><strong>exstitit.</strong></span> <span class='ocrx_word' id='word_1_262' title='bbox 1417 2638 1595 2704; x_wconf 83' lang='lat' dir='ltr'><strong>Neque</strong></span> <span class='ocrx_word' id='word_1_263' title='bbox 1617 2641 1772 2691; x_wconf 75' lang='lat' dir='ltr'><strong>ceteri</strong></span> <span class='ocrx_word' id='word_1_264' title='bbox 1793 2642 1968 2694; x_wconf 82' lang='lat' dir='ltr'><strong>officio</strong></span> 
     </span>
    </p>
   </div>
  </div>
 </body>
</html>
