2084 3009
593 141 1130 194 LIBERVII.
1516 150 1620 208 199

51 264 216 300 num
237 244 420 298 habes
439 260 697 313 regnum,
719 258 825 311 quo
839 242 1075 311 facilius
1096 260 1158 293 eo
1180 258 1392 294 careas·
1464 245 1615 295 Inci-

55 317 205 382 pies·
210 314 480 383 forsitan
500 314 683 363 iustus
704 328 825 361 esse
847 327 972 369 rex,
995 328 1114 361 cum
1138 308 1496 379 lja-refecerit,
1518 330 1617 391 que

58 382 191 432 ribi
209 390 274 431 et
294 380 434 429 dare
444 386 636 446 potest
655 393 888 445 regnum
910 387 967 425 et
997 379 1230 444 eripere.
1321 378 1617 429 consillum

60 448 264 499 habes·
277 445 489 509 fidele,
549 444 696 512 quod
724 444 934 493 diutius
965 445 1195 513 exsequi
1222 460 1617 511 supervacuum

57 522 184 563 est.
260 510 482 569 Nobilis
505 530 533 560 e
575 526 680 557 uus·
698 508 890 559 umbra
911 526 1126 579 quoque
1145 510 1342 580 virgae
1362 512 1583 579 regitur
1597 530 1613 559 .-

55 580 336 647 ignavus
360 594 432 627 ne
453 594 519 627 ca
543 576 668 625 cari·
682 574 898 643 quidem
919 577 1191 627 concitari
1198 586 1409 642 potest.
1489 577 1616 627 Bes-

55 661 162 692 sus
175 679 192 705 ‚
238 654 292 689 et
314 644 526 703 ingenio
547 654 596 689 et
613 644 779 691 multo
799 651 944 691 mero
969 642 1141 703 ferox,
1182 642 1308 691 adeo
1330 645 1538 707 exarsit,
1558 656 1615 693 ut

59 712 160 759 vix
180 708 252 757 ab
274 707 475 769 amicis,
515 722 617 773 quo
637 708 809 756 minus
829 708 1083 756 occideret
1102 725 1222 757 eum
1236 744 1250 771 ,
1290 706 1431 772 (nam
1456 712 1615 761 strin-

58 771 226 825 xerat
247 790 459 839 quoque
479 772 748 837 acinacem)
767 775 1129 822 contineretur.
1196 774 1343 824 Certe
1375 792 1403 824 e
1434 779 1614 826 convi-

57 845 156 891 vio
177 841 445 908 prosilivit
461 838 858 905 haudquaquam
887 852 1069 905 potens
1100 841 1305 891 mentis.
1390 841 1612 893 Gobares

59 910 216 958 inter
238 908 542 973 ⁸tumultum
571 906 770 970 elapsus
784 942 798 967 ,
843 906 908 955 ad
939 904 1297 955 Alexandrum
1329 908 1613 973 transfugit.

60 991 187 1025 vnx
211 974 382 1023 millia
401 974 788 1023 Bactrianorum
808 972 1028 1021 habebat
1045 984 1240 1021 armata
1259 972 1463 1022 Bessus:
1484 991 1615 1039 quae

59 1040 342 1107 quamdiu
371 1051 586 1107 propter
617 1040 746 1088 coeli
779 1040 1164 1103 intemperiem,
1204 1038 1409 1087 Indiam
1442 1042 1614 1105 potius

57 1107 400 1159 Macedonas
419 1107 668 1172 petituros
689 1105 1026 1167 crediderant,
1049 1104 1349 1157 obedienter
1367 1108 1613 1173 imperata

62 1176 342 1238 fecerunt3
383 1186 658 1239 postquam
688 1172 956 1223 adventare
986 1171 1343 1223 Alexandrum
1375 1190 1611 1241 comper·-

63 1255 200 1305 tum
221 1252 329 1302 est,
369 1241 424 1289 in
448 1256 566 1289 suos
589 1240 803 1305 quisq-ue
824 1240 964 1289 vicos
989 1238 1202 1305 dilapsi,
1241 1240 1457 1291 Bessum
1484 1244 1613 1290 reli-
1676 1238 1684 1245 ”

65 1318 330 1375 querunt.
380 1306 476 1355 Ille
497 1324 619 1355 cum
637 1306 902 1356 clientium
921 1320 1080 1363 manu
1090 1341 1107 1370 ‚
1146 1306 1234 1370 qui
1255 1323 1359 1355 non
1376 1319 1614 1358 mutave-
1655 1364 1665 1367 -

67 1386 200 1425 rant
218 1372 409 1437 fidem,
449 1372 566 1422 Oxo
587 1388 738 1421 amne
759 1382 1024 1436 superato,
1065 1371 1353 1435 exustisque
1386 1374 1614 1435 navigiis,

67 1442 278 1509 quibus
298 1441 578 1502 transierat,
600 1457 666 1488 ne
689 1436 876 1489 iisdem
896 1435 1055 1485 hostis
1074 1448 1316 1499 uteretur,
1348 1454 1504 1486 novas
1525 1454 1617 1485 co-
1660 1450 1666 1459 ·

66 1512 190 1576 pias
215 1509 274 1556 In
299 1506 569 1571 Sogdianis
591 1503 940 1556 contrahebat.
1006 1501 1305 1553 Alexander
1330 1500 1615 1553 Caucasum

65 1572 330 1641 quidem,
370 1585 599 1639 utsupra
620 1571 817 1621 dictum
837 1582 939 1633 est,
976 1571 1267 1633 transierat3
1323 1569 1415 1620 sed
1443 1572 1613 1637 inopia

71 1640 338 1693 frumenti
357 1652 520 1705 'prope
540 1638 608 1691 ad
631 1630 824 1691 famem
843 1650 1054 1690 ventum
1076 1648 1199 1687 erat.
1265 1636 1432 1687 Succo
1447 1655 1510 1687 ex
1529 1655 1615 1687 se-
1663 1641 1671 1648 ‘

71 1726 228 1761 sama
250 1722 512 1769 expresso,
531 1704 672 1756 haud
691 1721 833 1753 secus
858 1716 1023 1768 quam·
1032 1704 1169 1764 oleo,
1200 1715 1336 1753 artus
1355 1721 1613 1770 perunge-

74 1779 225 1827 bant.
300 1772 408 1821 Sed
437 1771 589 1820 huius
609 1772 746 1823 succi
776 1770 986 1828 ducenis
1019 1770 1359 1836 quadragenis
1390 1770 1611 1821 denariis

70 1841 368 1907 amphorae
388 1840 642 1903 singulae3
681 1837 876 1899 mellis,
909 1838 1129 1903 denariis
1150 1840 1363 1887 trecenis
1381 1854 1614 1903 nonage-

75 1912 185 1970 nis;
228 1906 448 1955 trecenis
472 1906 578 1953 vini
597 1904 1018 1967 aestimabantur3
1057 1904 1212 1953 tritici
1230 1904 1385 1967 nihil,
1407 1916 1494 1953 aut
1512 1904 1613 1953 ad-

73 1974 312 2025 modum
333 1972 574 2033 exiguum
603 1970 968 2036 reperiebatur.
1035 1970 1187 2019 Siros
1213 1971 1463 2022 vocabant
1490 1970 1613 2019 bar-

75 2043 223 2091 bari:
268 2054 398 2105 quos
420 2038 487 2085 ita
507 2037 735 2096 sollerter
754 2035 1091 2098 abscondunt,
1122 2048 1197 2097 ut,
1228 2036 1444 2100 nisiqui
1460 2034 1612 2085 defo·-

79 2108 280 2158 derunt
297 2140 312 2167 ,
353 2103 577 2153 invenire
595 2120 700 2153 non
716 2104 948 2169 possint.·
998 2102 1062 2151 In
1082 2103 1144 2151 iis
1175 2100 1409 2152 conditae
1436 2102 1610 2167 fruges

80 2186 248 2223 erant.
319 2170 382 2221 In
413 2188 634 2235 quarum
663 2170 878 2235 penuria
907 2170 1101 2218 milites
1130 2169 1362 2219 fluviatili
1392 2170 1529 2235 pisce
1560 2181 1612 2219 et

82 2240 262 2291 herbis
284 2237 684 2287 sustinebantur.
749 2236 962 2301 Iamque
981 2235 1105 2284 haec
1125 2236 1234 2301 ipsa
1253 2234 1492 2301 alimenta
1513 2236 1607 2287 de-

81 2308 339 2367 fecerant3
379 2321 500 2355 cum
519 2305 762 2364 iumenta,
783 2304 968 2369 quibus
989 2300 1147 2352 onera
1165 2303 1462 2369 portabant,
1494 2321 1614 2353 cao-

81 2372 210 2423 dere
229 2372 356 2422 iussi
375 2383 518 2420 sunt:
549 2368 739 2419 horum
760 2386 926 2431 carne,
959 2369 1161 2427 durnin
1180 2368 1470 2420 Bactrianos
1490 2388 1613 2435 per-

82 2452 332 2502 ventum,
351 2449 551 2487 traxere
581 2439 758 2486 vitam.
824 2435 1113 2485 Bactrianae
1144 2448 1307 2485 terrae
1338 2436 1613 2501 multiplex

80 2518 135 2564 et
154 2507 295 2555 varia
315 2517 496 2554 natura
531 2514 622 2552 est.
687 2500 830 2553 Alibi
850 2505 1013 2553 multa
1045 2504 1199 2553 arbor
1218 2514 1268 2553 et
1296 2502 1409 2553 vitis
1440 2503 1611 2564 largos

85 2572 342 2637 mitesque
362 2572 557 2625 fructus
576 2571 694 2625 aliu
731 2571 906 2621 solum
924 2570 1114 2637 pingue
1148 2570 1317 2624 crebri
1344 2569 1508 2619 fontes
1538 2566 1611 2615 ri·-
