2084 3009
553 91 1177 146 LIBE'RWHL·
1313 68 1330 75 ⁵
1508 99 1611 155 251

22 210 172 249 tem.
278 182 479 259 thue.
505 194 682 244 Rubro
721 196 855 244 mari
888 197 1169 261 accipitur,
1216 192 1416 245 findens
1452 198 1609 261 ripas,

27 265 258 318 multas
286 261 504 310 arbores
525 278 648 310 cum
666 278 852 327 magna
861 264 972 312 -soli
991 273 1134 329 parte
1158 262 1407 312 exsorbet.
1467 262 1611 313 Saxis

31 346 277 396 quoque
303 327 615 394 impeditus,
639 330 817 379 crebro
834 331 1205 389 reverberatur.
1272 328 1377 378 Ubi
1400 330 1609 380 mollius

29 400 232 446 solum
254 396 502 461 reperit,·
524 408 736 461 stagnat,
759 398 1049 462 insulasque
1068 397 1303 455 molitur.
1368 391 1612 447 Acesines

36 481 176 513 eum
215 474 408 526 auget·
475 463 684 527 Ganges
715 464 1139 514 decursurum-in
1168 478 1311 511 mare
1332 462 1614 526 intercipit:

37 534 375 595 magnoque
407 533 768 597 .motu·a1nnis
796 544 1012 597 uterque
1043 530 1333 579 colliditur.¹
1404 528 1615 593 Quippe
1648 552 1655 558 ·

39 598 272 661 Ganges
314 613 562 661 asperum
592 614 648 645 os
681 599 1134 660 influentiobiicit3
1174 614 1275 647 nec
1287 612 1613 662 repercussae

37 682 217 729 aquae
267 662 487 711 cedunt.
553 664 851 729 Dyardenes
881 667 1053 714 minus
1084 664 1285 713 celeber
1314 662 1490 713 auditu
1521 676 1611 725 est,

31 733 168 796 quia
190 748 302 797 per
326 730 514 778 ultima
534 730 709 781 Indiae
733 734 914 782 currit:
945 744 1171 781 ceterum
1190 748 1297 781 non
1314 728 1611 779 crocodilos

33 798 218 847 modo
261 797 350 845 uti
371 796 546 859 Nilus,
583 799 676 848 sed
699 801 854 849 etiam
875 799 1141 865 delphines
1172 800 1473 863 ignotasque
1495 798 1607 847 aliis

37 864 312 929 gen'tibus
377 864 577 913 belluas
633 867 743 915 alit.
809 864 1160 933 Erymanthus
1212 866 1402 915 crebris
1457 865 1609 914 flexi-

40 934 149 981 bus
188 930 434 979 subinde
455 944 714 995 curvatus,
757 934 818 983 ab
848 935 1036 983 accolis
1064 933 1347 995 rigantibus
1369 934 1611 997 carpitur.

37 998 124 1047 Ea
147 1014 320 1047 causa
347 1002 451 1061 est,
492 1016 583 1049 cur
601 1012 781 1049 tenues
800 1002 1042 1066 reliquias
1062 1001 1169 1061 iam
1190 1000 1299 1049 siue
1325 999 1539 1047 nomine.
1554 999 1611 1047 in

44 1083 202 1114 mare
227 1066 460 1115 emittat.
529 1062 708 1117 Multis
739 1081 942 1133 praeter
961 1068 1057 1117 hos
1079 1066 1317 1116 amnibus
1336 1077 1444 1115 tota
1463 1065 1609 1129 regio

43 1132 343 1193 dividitur,
379 1132 470 1181 sed
489 1130 826 1198 ignobilibus,
858 1138 980 1202 quia
1009 1152 1116 1185 non
1138 1134 1266 1183 adeo
1288 1135 1609 1199 interfluunt-3
1658 1172 1667 1180 .

41 1198 313 1248 Ceterum
353 1218 480 1265 quae
509 1202 752 1267 propiora
782 1216 902 1253 sunt
919 1204 1075 1265 mari,
1097 1203 1363 1267 aquilones
1381 1200 1608 1251 maxime

47 1266 320 1315 deurunt:
373 1268 408 1315 ii
441 1268 650 1317 cohibiti
680 1270 812 1332 iugis
842 1272 1107 1319 montium
1134 1268 1197 1317 ad
1226 1270 1470 1316 interiora
1498 1284 1609 1317 non

46 1346 357 1399 penetrant,
386 1336 454 1383 ita
475 1334 671 1383 alendis
693 1335 922 1399 frugibus
941 1336 1102 1384 mitia.
1170 1333 1277 1381 Sed
1297 1330 1422 1381 ade‘o
1444 1334 1499 1380 in
1518 1332 1609 1379 illa

49 1402 216 1465 plaga
247 1400 490 1449 mundus
521 1413 676 1450 statas
697 1410 1000 1468 temporum
1017 1403 1153 1450 vices
1172 1410 1364 1464 muza,
1406 1408 1467 1444 ut
1488 1412 1611 1445 cum

53 1468 158 1515 alia
191 1470 409 1518 fervore
439 1470 560 1518 solis
593 1480 910 1531 exaestuant,
956 1467 1163 1519 Indiam
1190 1468 1329 1516 nives
1367 1464 1609 1513 obruant:
1642 1469 1649 1475 ’

48 1549 355 1601 rursusque
387 1536 478 1585 ubi
511 1548 676 1585 cetera
705 1537 896 1601 rigent,
935 1538 1043 1585 illic
1073 1532 1423 1585 intolerandus
1444 1540 1611 1579 aestus

59 1604 300 1650 exsistat.
350 1602 460 1651 Nec
481 1620 586 1663 cur,
607 1604 704 1651 ulli
729 1620 783 1653 se
804 1616 1014 1652 naturae
1034 1620 1189 1649 causa·
1203 1600 1429 1663 ingessit.
1462 1596 1611 1649 Maro

60 1680 198 1717 certe
213 1706 230 1731 ‚
334 1685 385 1715 ιο
409 1661 626 1717 alluitur
631 1676 667 1731 ,³
683 1688 748 1718 ne
779 1671 948 1718 colore
979 1668 1193 1733 quidem
1213 1666 1453 1715 abhorret
1470 1661 1499 1712 a'
1518 1682 1611 1713 ce·-

57 1736 202 1783 teris.
275 1686 370 1783 Kb
401 1734 623 1800 Erythra
649 1752 766 1800 rege
797 1734 1024 1784 inditum
1045 1746 1121 1785 est
1139 1740 1368 1783 noment'
1394 1744 1610 1807 propter

63 1808 209 1863 quod
241 1802 416 1867 ignari
447 1802 632 1850 rubere
667 1818 822 1867 aquas
847 1802 1077 1852 credunt.
1147 1802 1306 1851 Tei-ra
1325 1802 1422 1851 lini
1440 1802 1608 1859 ferax3

62 1866 186 1918 inde
209 1871 480 1934 plerisque
501 1880 620 1917 sunt
637 1882 820 1919 vestes.
861 1870 1008 1920 Libri
1019 1870 1263 1919 arborum
1274 1865 1608 1930 teneri‚haud

63 1951 214 1985 secus
237 1952 403 1999 quam
423 1934 622 1985 chartae
643 1937 909 1987 literarum
928 1950 1075 1987 notas
1096 1936 1327 2003 capiunt.‘
1384 1928 1522 1983 Aves
1541 1930 1608 1980 ad

69 2000 390 2051 imitandum
411 2002 662 2051 humanae
681 2006 818 2053 vocis
841 2022 1032 2053 sonum
1052 2002 1245 2053 dociles
1266 2012 1403 2051 sunt.
1469 1996 1607 2049 Ani·-

69 2068 230 2116 malia
252 2070 492 2118 inusitata
513 2072 690 2119 ceteris
713 2072 978 2134 gentibus,
1009 2071 1108 2119 nisi
1127 2071 1340 2135 invecta.
1405 2066 1607 2135 Eadem

71 2142 206 2183 terra
228 2146 284 2188 el:
305 2137 652 2186 rhinocerotas
665 2138 769 2199 alie,
789 2156 895 2187 non
915 2148 1141 2202 generat.
1192 2133 1609 2199 Elephantorum

76 2202 242 2250 maior
263 2216 340 2253 est
361 2206 438 2253 vis
453 2240 467 2265 ,
484 2220 647 2267 quam
668 2222 796 2269 quos
817 2206 872 2254 in
890 2204 1066 2261 Africa
1086 2202 1368 2263 domitant3
1410 2214 1461 2260 et
1480 2200 1605 2251 viri-

75 2262 172 2315 bus
184 2270 486 2336 magnitudo
497 2270 792 2337 respondet.
811 2271 854 2317 A
862 2288 1020 2321 urum
1029 2270 1244 2319 flumina
1253 2268 1460 2329 vehunt,
1474 2285 1603 2333 quae

74 2330 180 2381 leni
197 2337 518 2403 modicoque„
528 2340 677 2404 lapsu
697 2354 876 2401 segnes
897 2354 1052 2403 aquas
1071 2336 1283 2385 ducunt.
1352 2334 1608 2383 Gemma»

79 2406 480 2471 margaritasque
516 2422 657 2453 mare
695 2405 932 2454 litoribus
972 2402 1215 2455 infundit.
1283 2400 1463 2465 Neque
1476 2398 1602 2447 =alia.

83 2462 182 2543 i{life
229 2474 394 2522 maior
419 2472 726 2539 ‚opulentiae
767 2488 916 2523 causa
953 2482 1059 2535 est3
1116 2472 1291 2535 utique
1328 2476 1606 2533 postquam

83 2542 322 2588 unorum
341 2538 746 2611 deq-mmercium,
775 2540 1067 2610 vulgavere⁴
1086 2535 1367 2591 in'exteras
1400 2542 1601 2599 gentes:

1150 2731 1171 2755 l
