2084 3009
626 62 977 153 Lisnn
1028 56 1158 183 ay.
1571 106 1642 165 71

122 220 241 263 rus,
261 201 442 251 urbem
462 200 657 251 Gazam
677 201 962 253 obsidebat.
1021 200 1262 256 Praeerat
1283 204 1330 254 ei
1345 204 1514 267 Betis,
1534 206 1644 254 exi-

124 271 269 321 miae
288 268 345 315 in
360 282 531 331 regem
550 284 704 317 suum
722 266 865 330 fidei3
892 269 1202 334 modicoque
1231 270 1488 337 praesidio
1519 288 1648 320 mu·-

122 354 217 386 ros
226 334 455 398 ‘ingentis
487 336 657 401 operis
680 336 931 385 tuebatur.
1014 332 1334 401 Alexander,
1375 340 1643 388 aestimato

122 405 373 452 locorum
391 400 507 463 situ,
527 400 633 467 agi
652 400 929 450 cuniculos
950 399 1112 463 iussit,
1131 404 1265 455 facili
1285 422 1342 453 ac
1357 404 1462 453 levi
1480 404 1645 451 humo

122 475 425 531 acceptante
452 468 717 515 occultum
754 485 911 532 opus3
951 469 1140 533 quippe
1179 472 1400 517 multam
1439 485 1649 517 arenam

118 535 363 586 vicinum
380 547 518 582 mare
540 532 746 592 evomit,
768 549 863 581 nec
885 552 1001 583 saxa
1022 548 1292 599 cotesque,
1335 550 1463 599 quae
1484 537 1650 586 inter-

118 602 326 670 pellent
345 615 547 678 specus,
588 599 873 648 obstabant.
938 600 1105 664 Igitur
1124 602 1186 651 ab
1209 618 1264 649 ea
1284 611 1464 665 parte,
1493 617 1650 664 quam

122 664 381 735 oppidani
403 667 691 733 conspicere
710 684 817 714 non
833 672 1060 731 possent,
1083 684 1212 735 opus
1232 684 1392 727 orsus,
1412 678 1472 716 ut
1489 684 1519 715 a
1536 684 1652 717 sen·

118 752 189 786 su
214 734 323 783 eius
344 744 601 795 averteret,
620 741 810 783 turres
824 732 1000 785 muris
1020 732 1304 784 admoveri
1322 734 1475 783 iubet.
1545 731 1653 783 Sed

122 799 317 853 eadem
335 798 517 850 humus
542 798 874 850 admovendis
898 792 1095 850 in'utilis
1125 800 1366 860 turribus,
1389 798 1652 849 desidente

123 868 313 917 sabulo
334 868 607 930 agilitatem
624 878 857 922 rotarum
875 868 1204 931 morabatur,
1226 880 1277 917 et
1293 868 1516 917 tabulata
1535 878 1654 915 tur-
1702 889 1711 896 ·

125 935 272 984 rium
350 934 673 997 erfringebat3
703 936 960 1000 multique
998 933 1399 985 vulnerabantur
1422 934 1653 997 impune,

127 1016 259 1049 eum
276 951 420 1061 id’eni
438 1000 757 1067 recipiendis,
790 1003 881 1065 qui
902 1000 1238 1051 admovendis
1259 1000 1486 1049 turribus
1505 998 1656 1049 labor

124 1083 221 1115 eos
242 1066 483 1130 fatigaret.
548 1068 686 1129 Ergo
705 1069 934 1133 receptui
952 1069 1102 1133 signo
1123 1068 1242 1117 dato
1255 1104 1270 1129 ,
1296 1060 1528 1134 postero
1563 1063 1655 1113 die

124 1148 317 1182 muros
338 1149 537 1181 corona
556 1132 891 1181 circumdari
910 1136 1074 1183 iussit.
1141 1136 1274 1185 Orto
1351 1152 1378 1182 e
1397 1134 1522 1193 sole,
1535 1132 1657 1197 pri-

127 1214 359 1261 usquam
386 1196 681 1245 admoveret
709 1200 1015 1260 exercitum,
1085 1215 1243 1264 opem
1272 1152 1445 1248 geum
1487 1214 1654 1263 expo-

130 1280 301 1322 scens,
323 1264 523 1310 sacr‘um
544 1262 705 1323 patrio
725 1280 871 1318 more
890 1265 1122 1312 faciebat.
1185 1264 1339 1312 Forte
1359 1274 1657 1329 praetervo-

131 1330 248 1377 lans
276 1341 457 1374 corvus
479 1327 705 1387 glebam,
743 1344 900 1389 quam
938 1328 1193 1391 unguibus
1225 1328 1442 1390 ferebat,
1483 1330 1656 1378 subito

131 1394 338 1444 amisit:
382 1407 513 1456 quae
535 1406 653 1441 cum
674 1392 805 1455 regis
828 1392 979 1456 capiti
997 1392 1280 1454 incidisset,
1319 1396 1542 1441 resoluta
1562 1393 1658 1443 de-

128 1460 286 1511 fluxit
302 1478 315 1522 3
334 1458 447 1524 ipsa
467 1468 638 1507 autem
660 1458 762 1507 avis
783 1458 834 1507 in
854 1458 1091 1523 proxima
1122 1470 1260 1508 turre
1283 1459 1524 1507 consedit.
1587 1456 1660 1509 11-

128 1529 225 1577 lita
248 1537 357 1574 erat
377 1524 531 1573 turris
552 1525 802 1574 bitumine
824 1543 881 1574 ac
902 1524 1146 1589 sulphure
1159 1542 1182 1575 z.
1209 1526 1262 1575 in
1299 1542 1399 1591 qua
1419 1525 1512 1575 alis
1535 1523 1662 1575 hae-

130 1593 369 1643 rentibus
383 1627 398 1653 ,
437 1590 622 1641 frustra
639 1608 693 1641 se
716 1592 937 1641 allevare
961 1604 1188 1655 conatus,
1227 1610 1256 1641 a
1274 1588 1663 1655 circumstanti-

131 1660 239 1711 bus
262 1660 477 1725 capitur.
542 1658 712 1721 Digna
739 1676 819 1708 res
840 1660 973 1722 visa,
1022 1658 1088 1709 de
1117 1676 1217 1725 qua
1245 1670 1383 1709 vates
1415 1660 1659 1709 consule-

130 1737 319 1777 rentur
338 1742 354 1773 :
395 1736 445 1772 et
465 1736 575 1773 erat
592 1742 698 1773 non
725 1726 944 1775 intactus
976 1744 1034 1774 ea
1060 1728 1418 1793 superstitione
1447 1726 1658 1775 mentis.

135 1793 279 1853 Ergo
304 1788 627 1851 Aristander,
668 1792 746 1839 cui
766 1794 991 1842 maxima
1012 1792 1136 1843 fides
1156 1788 1459 1857 habebatur,
1502 1790 1660 1842 urbi-5

135 1858 361 1927 quidem
388 1856 663 1907 excidium
684 1860 923 1927 augurio
962 1858 1057 1923 illo,
1081 1856 1374 1927 portendi,
1415 1869 1662 1909 ceterum

178 1924 443 1990 erieulum
463 1941 605 1984 esse,
644 1926 833 1988 inquit,
871 1943 944 1975 ne
979 1944 1080 1990 rex
1116 1924 1320 1976 vulnus
1359 1920 1659 1990 acciperet.

168 2004 320 2057 taque
339 1992 557 2053 monuit,
578 2008 648 2040 ne
668 1993 803 2059 quid
822 2008 884 2042 eo
904 1990 995 2043 die
1014 1993 1303 2059 inciperet.
1337 1990 1450 2051 Ille,
1473 2006 1662 2055 quam-

136 2076 299 2123 quam
318 2075 475 2125 unam
492 2059 679 2107 urbem
695 2059 809 2122 sibi,
830 2077 932 2125 quo
952 2055 1126 2109 1'ninus
1144 2074 1351 2108 securus
1367 2052 1662 2123 Aegyptum

136 2126 377 2186 intraret,
404 2124 606 2176 obstare
626 2142 771 2189 aegre
791 2126 1001 2187 ferebat,
1036 2138 1210 2175 tamen
1228 2124 1398 2190 paruit
1416 2124 1517 2173 vati
1530 2160 1544 2185 ‚
1583 2124 1659 2173 si-

140 2208 403 2257 gnumque
430 2192 662 2256 receptui
679 2191 839 2251 dedit.
904 2190 1039 2241 Hinc
1057 2193 1258 2250 animus
1287 2191 1443 2241 crevit
1472 2192 1655 2241 obses·-

140 2259 210 2307 sis
226 2275 242 2305 ι
260 2256 547 2323 egressique
568 2269 715 2324 porta
735 2256 1084 2308 recedentibus
1105 2258 1325 2308 inserunt
1345 2260 1510 2323 signa3
1530 2276 1668 2325 cung

142 2326 415 2388 ctationem
431 2324 663 2373 hostium
680 2325 790 2373 sore
830 2342 971 2375 suam
1014 2324 1334 2375 occasionem
1371 2328 1480 2381 rati.
1501 2336 1516 2369 4
1549 2320 1658 2371 Sed

144 2391 306 2439 acrius
322 2425 339 2453 ‚
448 2408 533 2440 am
555 2393 867 2441 constantius
901 2395 1158 2459 proelium
1178 2392 1426 2443 inierunt:
1466 2391 1656 2452 quippe

146 2466 205 2505 ut
220 2455 369 2505 Mace
408 2473 569 2505 onum
590 2459 733 2519 signa
754 2461 1027 2525 circumagi
1049 2458 1232 2529 videre,
1250 2468 1454 2522 repente
1475 2454 1660 2503 sistunt

146 2520 383 2587 gradum.
437 2522 649 2591 Iamque
668 2523 735 2574 ad
756 2540 929 2591 regem
948 2526 1312 2591 proeliantium
1329 2522 1522 2582 elamor
1535 2532 1659 2581 1201*-
