2084 3009
434 279 536 338 422
818 265 862 315 1.
921 217 1620 311 FREleHEMII‘

440 512 581 575 ‘vulgi
608 506 745 556 inani
786 499 1121 550 ostentatione
1163 498 1482 537 consumere.

445 576 564 646 quia
580 575 632 626 vi
650 571 921 622 introitum
944 577 1066 624 erat,
1107 559 1255 608 obvia
1291 565 1493 616 quaequ

446 649 629 698 fanum
666 638 863 688 Cereris
902 634 1260 699 pervenerant:
1301 615 1460 684 quod·
1481 622 1602 660 eum
1641 599 1989 668 exspoliaturi

448 711 661 778 quidam
682 704 997 770 irrupissent,
1017 696 1146 762 ignis
1170 707 1233 740 ex
1252 681 1600 754 penetralibus
1611 671 1750 738 aedis
1764 675 1988 734 repente

450 780 691 835 emicans,
733 769 1100 830 sacrilegorum
1129 759 1306 808 oculos
1351 746 1611 800 exstinxit.
1733 739 1744 749 ⁸
1879 735 1894 746 ⁶

435 843 839 914 progenitorum
866 849 1082 882 suorum
1101 829 1439 876 monumenta
1457 805 1752 864 Alexander
1773 801 1994 868 reperit,

450 915 677 976 inspecto
700 906 855 964 sonte,
896 901 1040 950 cuius
1077 909 1209 959 aqua
1235 900 1304 951 ‘ex
1333 888 1447 952 ipso
1479 872 1804 937 scaturiginis
1837 869 1995 918 labro

450 979 633 1030 hausta
653 975 847 1023 salsum
864 982 1104 1033 saporem
1121 961 1290 1013 habet,
1313 951 1494 1002 eadem
1515 941 1830 998 dulcissima,
1868 951 1998 984 cum

454 1042 706 1112 profluxit
745 1041 799 1087 in
836 1037 1050 1084 rivulos.
1093 1027 1099 1032 '
1123 1020 1430 1076 ,achilleum
1465 1009 1660 1064 Milesii
1697 1005 1998 1060 nominant,

456 1113 615 1172 inque
638 1123 697 1155 eo
719 1107 995 1152 lustratum
1012 1099 1224 1146 heroem
1241 1103 1426 1138 rumor
1442 1080 1624 1138 tenuit,
1647 1089 1770 1122 cum
1795 1071 2000 1120 Stram-

457 1177 641 1227 belum
678 1167 978 1218 Telamonis
1019 1165 1183 1211 filium
1222 1153 1422 1204 Lesbiis
1454 1145 1708 1196 auxilium
1737 1139 2001 1187 ferentem

464 1237 818 1308 oppressisset.
869 1227 1028 1296 Apud
1055 1225 1286 1276 Milesios
1315 1214 1563 1282 Didymei
1581 1205 1846 1275 Apollinis
1877 1221 2004 1251 ora-

464 1310 642 1359 culum
661 1313 781 1368 erat,
827 1298 1014 1348 divitiis
1036 1296 1272 1357 famaque
1295 1285 1511 1350 celebre.
1565 1277 1630 1326 Icl
1658 1287 1776 1324 tum
1809 1269 1936 1321 Sele
1972 1297 2004 1306 -

466 1394 571 1436 cus,
612 1372 753 1420 cuius
783 1367 1037 1416 maxImae
1060 1367 1178 1428 Post
1196 1351 1553 1407 Alexandrum
1574 1359 1696 1410 opes
1727 1341 1898 1398 fuere,
1939 1336 2004 1385 de

428 1447 432 1452 “
464 1442 637 1494 :reditu
656 1440 710 1487 iu
727 1433 1090 1484 Macedoniam
1112 1423 1424 1476 consuluisse
1445 1415 1656 1473 dicitur,
1700 1419 1751 1456 et
1777 1421 2008 1470 respon·-

469 1525 591 1558 sum
611 1504 879 1568 accepisse,
902 1507 978 1558 ut,
1000 1498 1228 1560 Europa
1240 1487 1427 1542 valere
1439 1497 1611 1540 tussa,
1632 1471 1833 1524 Asiam
1855 1488 2011 1520 com-

510 1573 825 1623 lecterettzr.
880 1564 1041 1614 Aliud
1062 1559 1278 1612 subinde
1297 1551 1609 1604 miraculum
1629 1552 1892 1592 attentum
1913 1539 2016 1587 ha-

510 1642 585 1689 uit
604 1653 795 1702 regem,
820 1634 965 1682 cuius
988 1632 1250 1680 curiosum
1267 1621 1546 1686 ingenium,
1586 1623 1638 1662 et
1657 1605 2020 1672 cognoscendi

473 1706 698 1764 avidum,
719 1702 943 1752 novitate
962 1713 1143 1748 rerum
1166 1695 1296 1743 mire
1319 1685 1644 1738 afficiebatur.
1685 1675 1963 1726 Amatam
1984 1688 2018 1720 a

476 1769 729 1836 delphine
740 1756 979 1833 pueruni
998 1763 1074 1813 'ex
1097 1763 1274 1820 lasso,
1295 1753 1440 1821 quod
1458 1747 1599 1799 haud
1618 1742 1807 1811 procul
1825 1740 2018 1788 Mileto

474 1842 531 1888 in
550 1837 719 1884 insula
740 1835 901 1884 situm
921 1830 1175 1896 oppidum
1195 1838 1284 1887 est,
1327 1826 1614 1884 acceperat3
1655 1810 1895 1874 eiusque
1917 1822 2024 1856 vo·-

476 1920 591 1954 cem
610 1898 907 1968 agnovisse
918 1897 1149 1960 piscem,
1189 1901 1249 1941 et
1271 1885 1484 1956 quoties
1505 1882 1876 1938 evocaretur„
1889 1871 2031 1923 velte

480 1970 792 2037 cupientem
812 1959 1090 2026 excepisse
1111 1957 1288 2006 dorso.
1320 1952 1484 2014 Igitur
1495 1959 1701 2012 gratum
1711 1951 2024 2004 acceptum-

482 2057 585 2105 que
604 2035 853 2098 Neptuno·
879 2028 1151 2077 hominem
1181 2023 1540 2087 interpretatus
1571 2029 1684 2072 rex,
1725 2005 2030 2058 sacerdotio

486 2109 595 2155 eius
613 2102 713 2150 Dei
734 2100 887 2148 illum
905 2092 1168 2160 praefecit.
1549 2080 1576 2087 '³

588 2169 717 2219 CAP.
736 2165 881 2222 vlu.
922 2161 1186 2223 Occupata
1207 2151 1346 2202 hunc
1365 2151 1419 2199 in
1439 2141 1876 2201 modumMileto,
1899 2157 2032 2190 cum

488 2234 655 2286 adhue
674 2233 1015 2282 barbarorum
1032 2238 1306 2274 numerosa
1329 2217 1499 2266 classis
1513 2215 1566 2262 in
1579 2211 1714 2260 mari
1733 2219 2033 2272 vagaretur,

490 2314 540 2352 et
558 2300 742 2351 fiducia
762 2293 1109 2346 multitudinis
1129 2306 1264 2349 suae,
1305 2282 1545 2350 quodque
1574 2277 1762 2345 >peritia
1780 2277 1861 2324 rei
1892 2293 2036 2323 nau-

462 2418 466 2422 ,
490 2371 620 2420 ticae
644 2363 949 2415 Macedonas
971 2359 1208 2417 anteiret,
1251 2354 1453 2401 hostem
1474 2347 1540 2396 ad
1559 2343 1741 2394 navale
1761 2343 2038 2408 proelium

491 2441 808 2504 provocaret,
832 2430 1001 2492 obque
1022 2428 1194 2491 ipsum
1213 2419 1352 2468 urhis
1372 2427 1598 2481 portum,
1610 2411 1672 2458 in·
1689 2426 1854 2473 quem
1875 2424 2036 2457 naves

495 2521 610 2552 suas
632 2499 913 2550 abduxerat
930 2511 1038 2554 rex,
1061 2493 1355 2552 frequenter
1381 2473 1768 2537 obversaretur3
1789 2473 2038 2526 Alexan-

497 2569 592 2617 der
614 2567 872 2616 Philotam
897 2577 1017 2609 eum
1037 2558 1260 2621 equitatu
1282 2563 1332 2600 et
1349 2550 1512 2599 tribus
1532 2542 1774 2611 peditum
1793 2541 2037 2591 cohorti-

494 2633 592 2707 bus
614 2632 680 2679 ad
698 2625 937 2694 Mycalen
960 2635 1198 2673 montem
1215 2618 1390 2678 mittit,
1429 2602 1522 2663 ubi
1562 2607 1898 2659 Persicarum
1939 2627 2037 2656 na-

496 2711 642 2742 vium
661 2696 809 2744 statio
832 2701 951 2750 erat,
992 2700 1054 2738 ut
1084 2680 1388 2736 exscendere
1417 2681 1647 2732 volentes
1677 2677 2034 2732 submoveret,

1496 563 1522 594 e
1543 539 1866 604 diripientes,
1915 529 1989 579 ad
