2084 3009
632 99 817 181 1'2113
858 130 981 181 aa
1028 84 1147 183 Ἰν.
1391 132 1398 137 ·
1579 140 1650 195 39

120 232 374 284 comitatu
402 231 535 281 intra
555 229 735 289 eadem
754 234 1076 289 munimenta
1109 250 1230 281 cum
1257 230 1466 284 modico
1499 250 1653 301 prae·-

118 302 259 353 sidio
291 302 503 359 relicto,
542 299 611 347 ad
630 300 832 349 hostem
868 300 1148 351 contendit.
1214 300 1276 349 In
1311 302 1414 351 duo
1461 320 1654 354 cornua

122 370 369 422 diviserat
385 366 641 433 peditem,
680 368 733 415 in
754 368 1186 433 utrumque-latus
1223 370 1390 433 equite
1424 370 1650 421 circum-

122 436 259 485 dato:
280 433 656 500 impedimenta
678 436 1017 497 sequebantur
1038 450 1238 497 agmen.
1304 434 1652 485 Praemissum

120 503 312 553 deinde
342 502 555 553 coucitIs
588 498 841 565 equitibus
874 500 1141 550 Menidam
1181 502 1321 551 iubet
1361 502 1654 569 explorare

114 570 217 619 ubi
230 568 455 619 Darius
477 576 641 617 esset.
708 567 781 617 At
801 570 888 617 ille
902 604 919 629 ,
956 584 1078 617 cum
1101 568 1341 617 Mazaeus
1359 568 1498 617 haud
1525 583 1654 634 pro-

118 639 206 686 cul
228 635 563 697 consedisset,
582 653 689 683 non
711 651 863 683 ausus
882 637 1015 686 ultra
1038 634 1336 699 procedere,
1354 636 1482 684 nihil
1495 634 1651 696 aliud,

114 720 281 769 quam
287 701 580 769 fremitum
590 701 882 762 hominum,
894 701 1278 770 hinnitumque
1291 719 1547 771 equorum
1559 720 1654 751 ex-

115 772 353 821 audisse
374 772 597 819 nuntiat.
666 770 905 820 Mazaeus
937 786 1170 835 quoque,
1217 772 1492 835 conspectis
1522 788 1652 837 pro-

116 840 205 887 cul
228 837 638 901 exploratoribus.
655 873 668 897 ‚
703 838 755 887 iu
780 851 941 885 castra
966 855 1018 886 se
1038 838 1244 903 recipit,
1285 838 1530 886 adventus
1550 836 1653 885 ho-

114 908 281 954 stium
303 905 533 956 nuntius.
599 904 761 967 Igitur
782 903 989 965 Darius,
1012 906 1100 969 qui
1123 906 1176 953 in
1195 904 1484 969 patentibus
1507 921 1653 952 cam-

113 974 195 1038 pis
217 971 497 1021 decernere
520 972 751 1035 optabat,
776 972 990 1019 armari
1005 969 1232 1021 militem
1251 972 1419 1032 iubet,
1456 972 1651 1019 aciem-

116 1056 219 1105 que
240 1038 489 1102 disponit.
555 1038 617 1086 In
639 1039 782 1086 laevo
806 1056 965 1087 cornu
985 1038 1236 1087 Bactriani
1266 1040 1408 1088 ibant
1429 1037 1647 1103 equites,

58 1146 71 1154 .
111 1106 266 1155 mille
288 1102 1085 1163 admodum;·l)ahae'totidem:
1125 1118 1177 1155 et
1193 1104 1456 1157 Arachosii
1477 1106 1666 1155 Susii--

56 1191 59 1192 ⁷
112 1190 221 1238 que
242 1184 466 1238 quatuor
484 1173 651 1220 millia
672 1173 959 1237 explebant.
1026 1173 1136 1222 Hos
1155 1174 1522 1239 quinquaginta
1543 1173 1648 1222 sal—

112 1242 219 1289 cati
258 1256 439 1289 currus
488 1239 843 1303 sequebantur.
912 1238 1182 1289 Proximus
1229 1240 1488 1305 quadrigis
1540 1250 1648 1288 erat

110 1306 327 1369 Bessus,
371 1322 493 1355 cum
524 1316 645 1354 octo.
670 1307 905 1355 millibus
936 1308 1169 1370 equitum
1202 1308 1328 1355 item
1353 1306 1648 1355 Bactrianis.

108 1375 433 1437 Massagetae
454 1372 655 1422 duobus
686 1373 923 1421 millibus
956 1388 1141 1433 agmen
1180 1374 1285 1419 eius
1327 1372 1648 1419 claudebant·

108 1441 319 1491 Pedites
353 1440 433 1489 his
466 1441 699 1505 plurium
730 1439 959 1503 gentium
988 1455 1098 1485 non
1134 1438 1350 1497 mixtas,
1397 1436 1490 1483 sed
1529 1452 1649 1484 suae

110 1510 337 1573 quisque
356 1508 579 1555 nationis
600 1507 869 1556 iunxerant
889 1505 1084 1569 copias.'
1139 1503 1316 1552 Persas
1331 1500 1514 1551 deinde
1529 1518 1650 1550 cum

109 1575 313 1629 Mardis
335 1574 711 1637 Sogdianisque
736 1570 1108 1621 Ariobarzanes
1132 1580 1181 1619 et
1211 1568 1462 1619 Orobates
1484 1568 1647 1617 duce·-

112 1644 258 1693 bant.
327 1640 441 1690 Illis
475 1634 726 1705 'partibus
787 1639 1079 1704 copiarum,
1137 1654 1370 1688 summae
1432 1636 1644 1686 Orsines

108 1719 363 1775 praeerat,
384 1726 413 1755 a
432 1719 631 1773 septem
649 1705 813 1754 Persis
833 1705 1079 1753 oriundus
1093 1740 1108 1765 ,
1133 1704 1199 1753 ad
1221 1704 1418 1769 Cyrum
1438 1718 1644 1769 quoque

108 1776 510 1825 nobilissimum
524 1788 697 1837 regem
716 1772 965 1834 originem
986 1771 1066 1822 sui
1085 1772 1324 1820 referens.
1389 1774 1498 1821 Hos
1515 1772 1644 1821 aliae

110 1854 321 1905 gentes,
364 1858 431 1889 ne
470 1840 619 1889 sociis
662 1837 873 1903 quidem
912 1838 1029 1887 sa'tis
1063 1850 1239 1900 notae,
1281 1840 1642 1903 sequebantur.

108 1908 234 1957 Post
264 1926 393 1974 quas
424 1906 787 1972 quinquaginta
828 1905 1094 1971 quadrigas
1131 1902 1406 1954 Phradates
1446 1920 1638 1967 magno

108 1974 497 2041 Caspianorum'
528 1975 729 2037 agmine
778 1974 1122 2030 antecedebat.
1149 1986 1168 1991 “
1190 1970 1333 2032 Indi,
1387 1971 1640 2034 ceterique
1679 2032 1688 2041 .

106 2044 253 2092 rubri
274 2042 437 2091 maris
459 2043 675 2103 accolae,
696 2042 907 2097 nomina
924 2042 1092 2089 verius
1113 2055 1270 2103 quam
1283 2038 1486 2097 auxilia„
1519 2046 1642 2103 post

110 2126 293 2159 currus
334 2120 497 2159 erant.
564 2107 911 2159 Claudebatur
948 2106 1045 2154 hoc
1069 2122 1251 2169 agmen
1291 2105 1402 2153 aliis
1443 2102 1639 2154 falcatis

108 2178 349 2227 curribus
372 2176 761 2241 quinquaginta:
792 2174 907 2239 quis
928 2174 1254 2237 peregrinum
1286 2172 1510 2221 militem
1533 2170 1638 2229 ad·-

106 2243 365 2294 iunxerat.
434 2242 585 2290 Hunc
602 2244 855 2301 Armenii,
878 2256 1009 2305 quos
1027 2239 1257 2287 minores
1277 2251 1488 2303 vocant3
1525 2238 1637 2299 Ar-

107 2313 307 2363 menios
340 2310 643 2377 Babyloni15
699 2322 947 2373 utrosque
976 2306 1194 2368 Belitae,
1235 2318 1284 2355 et
1313 2307 1400 2371 qui
1430 2320 1634 2357 montes

110 2376 464 2428 Cossaeorum
478 2377 789 2436 incolebant,
811 2375 1170 2444 sequebantur.
1237 2372 1470 2424 Post'hos
1491 2376 1637 2423 ibant

108 2444 367 2505 Gortuae,
406 2456 581 2509 gentes
602 2444 814 2509 quidem
832 2444 1120 2501 Euboicae,
1152 2439 1336 2490 Medos
1373 2440 1656 2507 quondam,

106 2519 293 2575 secuti;
314 2510 409 2560 sed
430 2513 533 2559 iar'n
554 2510 841 2575 degeneres,
866 2522 915 2559 et
933 2511 1082 2576 patrii
1106 2504 1462 2569 ‹norisssignari-
1517 2502 1634 2567 Ap-

103 2579 359 2645 plIcuerat
376 2577 457 2627 his
475 2574 1060 2645 PhrygasetCataonas.
1090 2572 1422 2647 ‘Parthorum
1441 2566 1630 2621 deinde

108 2689 148 2703 να

310 2778 345 2799 l
