2084 3009
412 180 553 237 >62
653 152 704 215 p
807 233 820 243 .
959 166 1492 236 ⁷Q.-CVR⁷1*.11

467 274 799 331 inficiebant:
832 282 948 321 tum
985 270 1177 321 humus
1209 269 1568 335 aggei-ebatum
1604 261 1869 338 superque
1926 276 2027 325 alia

481 355 620 393 strue
656 358 678 389 s
925 337 1271 402 arborumque
1302 340 1583 399 cumulata,
1621 340 1761 388 velut
1784 343 2031 405 quodam

479 427 614 461 nexu
637 426 669 462 c,
808 424 895 455 eus
917 424 1044 471 opus
1062 407 1352 455 iunxerant.
1414 406 1525 455 ‘Nee
1546 406 1707 473 Tyrii,
1757 408 2031 475 quidquid

481 476 549 527 ad
577 472 972 540 irnpediendam
1007 474 1205 537 molem
1235 474 1515 537 *excogitari
1534 481 1749 538 poterat,
1792 479 2032 540 segniter

480 544 897 608 exsequebantur.
963 540 1303 605 Praeciputun
1322 540 1573 589 auxilium
1593 552 1703 589 erat
1718 576 1733 601 ‚
1774 544 1869 605 qui
1888 562 2029 607 pro-

479 613 566 661 cul
599 610 828 659 hostium
867 620 1141 675 conspectu
1173 606 1411 657 subibant
1429 624 1644 673 aquam,
1704 604 2025 674 occultoque

479 680 627 743 lapsu
647 676 713 726 ad
732 676 930 727 molem
948 692 1111 741 usque
1128 674 1458 739 penetrabant
1471 710 1486 736 ,
1536 674 1751 723 falcibus
1772 677 2023 739 palmites

479 746 727 794 arborum
751 744 1089 799 eminentium
1110 742 1250 790 adse
1270 740 1551 803 trahentes3
1592 759 1722 806 quae
1741 742 1839 791 vubi
1862 761 2022 793 secu-

479 822 559 860 tae
580 822 736 871 erant,
771 810 1012 875 pleraque
1033 825 1210 857 secum
1229 809 1281 856 in
1300 807 1620 875 profundum
1642 808 1859 859 dabant:
1900 823 2021 859 tum

477 879 673 929 levatos
715 895 868 927 onere
890 878 1084 941 stipites
1103 886 1415 941 truncosque
1436 876 1681 928 arborum
1703 875 1845 925 haud
1867 894 2019 942 aegre

479 946 848 995 moliebantur:
890 943 1075 993 deinde
1096 955 1269 991 totum
1287 960 1431 1007 opus,
1454 942 1595 1006 quod
1615 943 1877 1007 stipitibus
1899 945 2021 993 fue-

479 1025 560 1063 rat
600 1014 860 1073 innixum,
921 1010 1256 1060 fundamento
1275 1010 1417 1075 lapso
1440 1008 1766 1073 sequebatur.
1838 1010 2017 1075 Aegro

481 1082 636 1129 animi
655 1076 968 1136 Alexandro,
992 1089 1042 1126 et
1063 1089 1239 1131 utrum
1256 1089 1621 1141 perseveraret,
1645 1094 1711 1125 an
1722 1076 2016 1140 abiret,·sa-

479 1148 544 1195 tis
565 1148 774 1205 incerto,
815 1144 986 1191 elassis
1009 1143 1178 1211 Cypro
1202 1142 1427 1204 advenit3
1468 1144 1755 1209 eodemque
1775 1157 2015 1212 tempore

481 1212 734 1263 Cleander
773 1227 894 1259 cum
915 1210 1123 1260 Graecis
1161 1210 1410 1259 militibus
1454 1211 1507 1259 in
1526 1208 1709 1260 Asiam
1728 1231 1897 1277 nuper
1918 1212 2015 1262 ad-

410 1281 412 1283 ’
479 1292 671 1330 vectus.
729 1276 954 1327 Centum
997 1288 1049 1325 et
1088 1279 1341 1341 octoginta
1360 1279 1570 1327 navium
1592 1280 1811 1327 classem
1830 1281 1885 1328 in
1908 1280 2012 1329 duo

482 1346 662 1397 dividit
684 1363 896 1394 cornua:
951 1345 1158 1395 laevum
1179 1342 1485 1410 Pnytagoras
1500 1382 1514 1406 ,
1568 1362 1659 1394 rex
1679 1346 2014 1413 Cypriorum,
2070 1406 2072 1413 A

481 1432 600 1465 mun
611 1414 816 1464 Cratero
837 1412 1099 1474 tuebatur-3
1119 1408 1475 1463 Alexandrum
1494 1414 1547 1460 in
1560 1411 1737 1462 dextro
1752 1414 2015 1479 quinque-

481 1485 635 1532 remis
655 1482 794 1543 regia
813 1480 1043 1529 vehebat.
1111 1478 1221 1528 Nec
1241 1480 1410 1549 Tyrii,
1454 1496 1771 1545 quamquam
1793 1482 2013 1531 classem

479 1548 747 1607 habebant,
788 1548 898 1594 ausi
914 1547 1091 1596 navale
1110 1546 1237 1596 inire
1260 1558 1533 1607 certamen,
1573 1549 1808 1597 triremes
1830 1566 2015 1599 omnes

481 1626 596 1663 ante
635 1616 744 1677 ipsa
780 1614 985 1661 moenia
1007 1608 1356 1679 opposuerunt
1376 1631 1388 1663 :
1450 1614 1634 1678 quibus
1655 1632 1747 1663 rex
1764 1616 2012 1683 invectus,

481 1683 615 1746 ipsas
635 1679 895 1729 demersit.
919 1728 928 1732 ,
946 1678 1169 1743 ‘Postera
1190 1680 1271 1729 die
1294 1682 1450 1729 classe
1471 1680 1536 1737 ad
1553 1684 1759 1731 moenia
1782 1683 2011 1745 admota,

460 1746 708 1811 'undique
748 1749 1042 1809 tormentis,
1103 1758 1152 1797 et.
1170 1749 1395 1797 maxime
1415 1749 1633 1797 arietum
1655 1751 1809 1814 pulsu
1833 1759 2010 1800 muros

463 1814 664 1879 quatit:
699 1858 706 1862 .
727 1831 855 1879 quos
880 1815 1022 1881 Tyrii
1043 1816 1231 1891 raptim
1252 1816 1522 1866 obstructis
1542 1818 1673 1865 saxis
1694 1816 2009 1880 refecerunt3

479 1882 777 1931 interiorem
797 1898 1000 1946 quoque
1019 1899 1256 1944 murum,
1294 1884 1359 1931 ut‘
1376 1883 1418 1930 si
1438 1884 1579 1948 prior
1598 1884 1881 1946 fefellisset,
1919 1886 2008 1934 ‘1110

479 1966 535 1999 se
554 1943 1093 2013 tuerentur,”undique
1115 1950 1234 1997 orsi.
1304 1949 1411 1998 Sed
1424 1948 1651 2015 undique
1672 1953 1748 1999 vis
1768 1954 1896 2001 mali
1915 1970 2008 2001 ur-

472 2016 652 2081 gebat:
709 2017 876 2065 moles
914 2016 1049 2065 intra
1090 2017 1178 2065 teli
1214 2017 1401 2065 iactum
1422 2028 1553 2080 erat3
1614 2019 1785 2068 classis
1803 2022 2009 2078 moenia

481 2084 806 2134 circumibat:
835 2084 1061 2132 terrestri
1081 2082 1237 2131 simul
1255 2084 1520 2149 navalique
1544 2084 1687 2142 clade
1710 2086 2008 2137 obrueban-

475 2162 579 2199 tur.
647 2152 851 2217 Quippe
891 2150 1034 2201 binas
1076 2150 1421 2216 quadriremes
1436 2150 1751 2203 Macedones
1792 2156 1925 2203 inter
1956 2173 2007 2205 se

479 2217 549 2265 ita
569 2219 851 2280 iunxerant,
872 2230 930 2267 ut
941 2236 1123 2284 prorae
1137 2218 1485 2280 cohaererent3
1506 2237 1707 2286 puppes
1720 2222 2007 2285 intervallo,

486 2297 731 2349 quantum
770 2302 949 2351 capere
967 2284 1227 2351 poterant,
1286 2286 1549 2335 distarent.
1616 2286 1731 2335 Hoc
1751 2292 2007 2355 puppium

476 2351 808 2401 intervallum
861 2354 1093 2401 antennis
1133 2354 1489 2418 asseribusque
1528 2353 1713 2405 validis
1754 2356 2009 2420 deligatis,

479 2435 731 2493 superque
756 2436 840 2466 eos
861 2420 1102 2484 pontibus
1124 2422 1305 2481 stratis,
1329 2422 1415 2484 qui
1435 2422 1658 2485 militem
1680 2424 2007 2484 sustinerent,

475 2485 838 2551 impleverantt
859 2486 929 2532 sic
951 2486 1216 2535 instructas
1238 2488 1589 2552 quadriremes
1602 2488 1669 2538 ad
1684 2492 1873 2539 urbem
1884 2508 2005 2555 age·-
2070 2543 2073 2557 ,

475 2550 624 2605 hant:
663 2552 780 2614 iude
801 2552 1010 2601 missilia
1029 2555 1082 2602 in
1100 2556 1475 2619 propugnantes
1498 2554 1861 2620 ingerebamtur
1879 2570 2005 2620 tuto,

476 2620 596 2683 quia
633 2620 800 2685 proris
838 2617 988 2667 miles
1017 2620 1301 2685 tegebatur.
1367 2621 1540 2671 Media
1560 2639 1665 2670 nox
1692 2635 1826 2686 erat,
1892 2642 2004 2681 oum

529 2725 551 2747 S
