<?xml version="1.0" encoding="UTF-8"?>
<!DOCTYPE html PUBLIC "-//W3C//DTD XHTML 1.0 Transitional//EN"
    "http://www.w3.org/TR/xhtml1/DTD/xhtml1-transitional.dtd">
<html xmlns="http://www.w3.org/1999/xhtml" xml:lang="en" lang="en">
 <head>
  <title>
</title>
<meta http-equiv="Content-Type" content="text/html;charset=utf-8" />
  <meta name='ocr-system' content='tesseract 3.04.00' />
  <meta name='ocr-capabilities' content='ocr_page ocr_carea ocr_par ocr_line ocrx_word'/>
</head>
<body>
  <div class='ocr_page' id='page_1' title='image "./qcurtiirufihist00freigoog_0241.png"; bbox 0 0 2084 3009; ppageno 0'>
   <div class='ocr_carea' id='block_1_1' title="bbox 395 6 1415 121">
    <p class='ocr_par' dir='ltr' id='par_1_1' title="bbox 395 6 1415 121">
     <span class='ocr_line' id='line_1_1' title="bbox 395 6 1415 121; baseline -0.001 -15"><span class='ocrx_word' id='word_1_1' title='bbox 395 63 518 120; x_wconf 98' lang='grc'><strong>236</strong></span> <span class='ocrx_word' id='word_1_2' title='bbox 857 6 865 92; x_wconf 40' lang='grc'><strong>’-</strong></span> <span class='ocrx_word' id='word_1_3' title='bbox 933 52 1001 121; x_wconf 87' lang='lat' dir='ltr'><strong>Q.</strong></span> <span class='ocrx_word' id='word_1_4' title='bbox 1071 48 1415 105; x_wconf 72' lang='lat' dir='ltr'><strong>ovar-11</strong></span> 
     </span>
    </p>
   </div>
   <div class='ocr_carea' id='block_1_2' title="bbox 364 150 1979 1235">
    <p class='ocr_par' dir='ltr' id='par_1_2' title="bbox 364 150 1979 1235">
     <span class='ocr_line' id='line_1_2' title="bbox 421 150 1979 225; baseline -0.006 -15"><span class='ocrx_word' id='word_1_5' title='bbox 421 162 552 225; x_wconf 83' lang='lat' dir='ltr'><strong>Ergo</strong></span> <span class='ocrx_word' id='word_1_6' title='bbox 571 172 662 209; x_wconf 85' lang='lat' dir='ltr'><strong>rex</strong></span> <span class='ocrx_word' id='word_1_7' title='bbox 683 158 869 207; x_wconf 76' lang='lat' dir='ltr'>certior</span> <span class='ocrx_word' id='word_1_8' title='bbox 888 156 1051 205; x_wconf 87' lang='lat' dir='ltr'><strong>factus</strong></span> <span class='ocrx_word' id='word_1_9' title='bbox 1065 153 1362 205; x_wconf 78' lang='lat' dir='ltr'><strong>humanum</strong></span> <span class='ocrx_word' id='word_1_10' title='bbox 1382 160 1552 221; x_wconf 82' lang='lat' dir='ltr'><strong>caput</strong></span> <span class='ocrx_word' id='word_1_11' title='bbox 1572 150 1795 221; x_wconf 78' lang='lat' dir='ltr'><strong>afferre</strong></span> <span class='ocrx_word' id='word_1_12' title='bbox 1816 150 1979 207; x_wconf 65' lang='lat' dir='ltr'><strong>evum,³</strong></span> 
     </span>
     <span class='ocr_line' id='line_1_3' title="bbox 364 220 1959 290; baseline -0.006 -12"><span class='ocrx_word' id='word_1_13' title='bbox 364 240 372 245; x_wconf 84' lang='grc'>·</span> <span class='ocrx_word' id='word_1_14' title='bbox 418 227 757 277; x_wconf 88' lang='lat' dir='ltr'><strong>tabernaculo·</strong></span> <span class='ocrx_word' id='word_1_15' title='bbox 782 225 996 276; x_wconf 79' lang='lat' dir='ltr'>excessit</span> <span class='ocrx_word' id='word_1_16' title='bbox 1009 258 1023 284; x_wconf 96' lang='lat'><strong>,</strong></span> <span class='ocrx_word' id='word_1_17' title='bbox 1059 234 1491 289; x_wconf 68' lang='lat' dir='ltr'><strong>percontatusque</strong></span> <span class='ocrx_word' id='word_1_18' title='bbox 1531 220 1671 290; x_wconf 81' lang='lat' dir='ltr'><strong>quid</strong></span> <span class='ocrx_word' id='word_1_19' title='bbox 1704 220 1798 269; x_wconf 87' lang='lat' dir='ltr'><strong>rei</strong></span> <span class='ocrx_word' id='word_1_20' title='bbox 1832 222 1919 271; x_wconf 73' lang='lat' dir='ltr'><strong>sit</strong></span> <span class='ocrx_word' id='word_1_21' title='bbox 1932 221 1959 269; x_wconf 71' lang='grc' dir='ltr'><em>Ρ</em></span> 
     </span>
     <span class='ocr_line' id='line_1_4' title="bbox 416 284 1961 361; baseline -0.005 -16"><span class='ocrx_word' id='word_1_22' title='bbox 416 296 505 345; x_wconf 87' lang='lat' dir='ltr'><strong>illo</strong></span> <span class='ocrx_word' id='word_1_23' title='bbox 525 294 791 361; x_wconf 81' lang='lat' dir='ltr'><strong>profitente</strong></span> <span class='ocrx_word' id='word_1_24' title='bbox 811 291 1089 355; x_wconf 87' lang='lat' dir='ltr'><strong>cognosc-it.</strong></span> <span class='ocrx_word' id='word_1_25' title='bbox 1156 288 1337 339; x_wconf 88' lang='lat' dir='ltr'><strong>Variae</strong></span> <span class='ocrx_word' id='word_1_26' title='bbox 1358 290 1482 337; x_wconf 88' lang='lat' dir='ltr'><strong>hinc</strong></span> <span class='ocrx_word' id='word_1_27' title='bbox 1499 284 1850 353; x_wconf 22' lang='lat' dir='ltr'><strong>*cogitationes</strong></span> <span class='ocrx_word' id='word_1_28' title='bbox 1876 290 1961 337; x_wconf 87' lang='lat' dir='ltr'><strong>in-</strong></span> 
     </span>
     <span class='ocr_line' id='line_1_5' title="bbox 417 355 1963 420; baseline -0.004 -9"><span class='ocrx_word' id='word_1_29' title='bbox 417 362 583 411; x_wconf 76' lang='lat' dir='ltr'><strong>vicem</strong></span> <span class='ocrx_word' id='word_1_30' title='bbox 603 361 838 417; x_wconf 83' lang='lat' dir='ltr'><strong>animum</strong></span> <span class='ocrx_word' id='word_1_31' title='bbox 857 358 1057 408; x_wconf 86' lang='lat' dir='ltr'><strong>diversa</strong></span> <span class='ocrx_word' id='word_1_32' title='bbox 1078 355 1357 420; x_wconf 77' lang='lat' dir='ltr'><strong>agitantem</strong></span> <span class='ocrx_word' id='word_1_33' title='bbox 1377 368 1792 406; x_wconf 77' lang='lat' dir='ltr'><strong>commoverant.</strong></span> <span class='ocrx_word' id='word_1_34' title='bbox 1836 356 1963 407; x_wconf 76' lang='lat' dir='ltr'><strong>Me-</strong></span> 
     </span>
     <span class='ocr_line' id='line_1_6' title="bbox 417 418 1965 491; baseline -0.003 -13"><span class='ocrx_word' id='word_1_35' title='bbox 417 427 580 482; x_wconf 85' lang='lat' dir='ltr'><strong>ritum</strong></span> <span class='ocrx_word' id='word_1_36' title='bbox 598 418 776 491; x_wconf 81' lang='lat' dir='ltr'><strong>ingens</strong></span> <span class='ocrx_word' id='word_1_37' title='bbox 796 426 849 475; x_wconf 91' lang='lat' dir='ltr'><strong>in</strong></span> <span class='ocrx_word' id='word_1_38' title='bbox 870 420 1032 474; x_wconf 72' lang='lat' dir='ltr'><strong>semet</strong></span> <span class='ocrx_word' id='word_1_39' title='bbox 1052 441 1160 473; x_wconf 86' lang='lat' dir='ltr'><strong>esse</strong></span> <span class='ocrx_word' id='word_1_40' title='bbox 1180 423 1437 484; x_wconf 87' lang='lat' dir='ltr'><strong>credebat,</strong></span> <span class='ocrx_word' id='word_1_41' title='bbox 1458 422 1604 489; x_wconf 87' lang='lat' dir='ltr'><strong>quod</strong></span> <span class='ocrx_word' id='word_1_42' title='bbox 1622 423 1897 489; x_wconf 82' lang='lat' dir='ltr'><strong>transfuga</strong></span> <span class='ocrx_word' id='word_1_43' title='bbox 1911 438 1965 473; x_wconf 85' lang='lat' dir='ltr'><strong>et</strong></span> 
     </span>
     <span class='ocr_line' id='line_1_7' title="bbox 419 491 1963 563; baseline -0.005 -16"><span class='ocrx_word' id='word_1_44' title='bbox 419 496 652 563; x_wconf 74' lang='lat' dir='ltr'><strong>proditor</strong></span> <span class='ocrx_word' id='word_1_45' title='bbox 671 494 824 544; x_wconf 89' lang='lat' dir='ltr'><strong>tantis</strong></span> <span class='ocrx_word' id='word_1_46' title='bbox 846 492 1025 552; x_wconf 86' lang='lat' dir='ltr'><strong>rebus,</strong></span> <span class='ocrx_word' id='word_1_47' title='bbox 1076 492 1126 540; x_wconf 79' lang='lat' dir='ltr'><strong>si&#39;</strong></span> <span class='ocrx_word' id='word_1_48' title='bbox 1137 491 1367 553; x_wconf 80' lang='lat' dir='ltr'><strong>vixisset,</strong></span> <span class='ocrx_word' id='word_1_49' title='bbox 1423 491 1707 541; x_wconf 78' lang='lat' dir='ltr'><strong>iniecturus</strong></span> <span class='ocrx_word' id='word_1_50' title='bbox 1726 508 1963 551; x_wconf 61' lang='lat' dir='ltr'><strong>moram,</strong></span> 
     </span>
     <span class='ocr_line' id='line_1_8' title="bbox 421 558 1962 621; baseline -0.004 -7"><span class='ocrx_word' id='word_1_51' title='bbox 421 564 714 615; x_wconf 79' lang='lat' dir='ltr'><strong>interfectus</strong></span> <span class='ocrx_word' id='word_1_52' title='bbox 745 572 902 611; x_wconf 85' lang='lat' dir='ltr'><strong>esset:</strong></span> <span class='ocrx_word' id='word_1_53' title='bbox 962 570 1141 608; x_wconf 88' lang='lat' dir='ltr'><strong>contra</strong></span> <span class='ocrx_word' id='word_1_54' title='bbox 1170 558 1371 607; x_wconf 74' lang='lat' dir='ltr'><strong>facinus·</strong></span> <span class='ocrx_word' id='word_1_55' title='bbox 1393 558 1576 621; x_wconf 83' lang='lat' dir='ltr'><strong>ingens</strong></span> <span class='ocrx_word' id='word_1_56' title='bbox 1608 558 1962 613; x_wconf 79' lang='lat' dir='ltr'><strong>aversabatur.</strong></span> 
     </span>
     <span class='ocr_line' id='line_1_9' title="bbox 422 624 1965 697; baseline -0.004 -16"><span class='ocrx_word' id='word_1_57' title='bbox 422 648 543 681; x_wconf 86' lang='lat' dir='ltr'><strong>cum</strong></span> <span class='ocrx_word' id='word_1_58' title='bbox 563 631 754 697; x_wconf 86' lang='lat' dir='ltr'><strong>optime</strong></span> <span class='ocrx_word' id='word_1_59' title='bbox 774 628 1022 677; x_wconf 85' lang='lat' dir='ltr'><strong>meritum</strong></span> <span class='ocrx_word' id='word_1_60' title='bbox 1041 624 1106 674; x_wconf 87' lang='lat' dir='ltr'><strong>de</strong></span> <span class='ocrx_word' id='word_1_61' title='bbox 1128 626 1261 690; x_wconf 84' lang='lat' dir='ltr'><strong>ipsa,</strong></span> <span class='ocrx_word' id='word_1_62' title='bbox 1296 625 1665 676; x_wconf 88' lang='lat' dir='ltr'><strong>communium</strong></span> <span class='ocrx_word' id='word_1_63' title='bbox 1684 638 1965 692; x_wconf 87' lang='lat' dir='ltr'><strong>parentem</strong></span> 
     </span>
     <span class='ocr_line' id='line_1_10' title="bbox 420 693 1961 763; baseline -0.003 -16"><span class='ocrx_word' id='word_1_64' title='bbox 420 699 728 758; x_wconf 86' lang='lat' dir='ltr'><strong>liberorum,</strong></span> <span class='ocrx_word' id='word_1_65' title='bbox 769 712 862 763; x_wconf 84' lang='lat' dir='ltr'><strong>per</strong></span> <span class='ocrx_word' id='word_1_66' title='bbox 897 693 1103 744; x_wconf 86' lang='lat' dir='ltr'><strong>insidias</strong></span> <span class='ocrx_word' id='word_1_67' title='bbox 1138 694 1499 743; x_wconf 79' lang='lat' dir='ltr'><strong>interemisset.</strong></span> <span class='ocrx_word' id='word_1_68' title='bbox 1607 694 1751 743; x_wconf 57' lang='lat' dir='ltr'><strong>Vicit*</strong></span> <span class='ocrx_word' id='word_1_69' title='bbox 1777 704 1961 742; x_wconf 89' lang='lat' dir='ltr'><strong>tamen</strong></span> 
     </span>
     <span class='ocr_line' id='line_1_11' title="bbox 421 759 1963 831; baseline -0.003 -18"><span class='ocrx_word' id='word_1_70' title='bbox 421 766 638 831; x_wconf 80' lang='lat' dir='ltr'>gratiam</span> <span class='ocrx_word' id='word_1_71' title='bbox 653 764 838 825; x_wconf 87' lang='lat' dir='ltr'><strong>meriti,</strong></span> <span class='ocrx_word' id='word_1_72' title='bbox 861 762 1067 811; x_wconf 86' lang='lat' dir='ltr'><strong>sceleris</strong></span> <span class='ocrx_word' id='word_1_73' title='bbox 1088 760 1321 813; x_wconf 73' lang='lat' dir='ltr'><strong>atrocitas</strong></span> <span class='ocrx_word' id='word_1_74' title='bbox 1335 797 1349 823; x_wconf 99' lang='lat'><strong>,</strong></span> <span class='ocrx_word' id='word_1_75' title='bbox 1366 759 1767 826; x_wconf 80' lang='lat' dir='ltr'><strong>denuntiarique</strong></span> <span class='ocrx_word' id='word_1_76' title='bbox 1790 761 1963 821; x_wconf 85' lang='lat' dir='ltr'><strong>iussit,</strong></span> 
     </span>
     <span class='ocr_line' id='line_1_12' title="bbox 421 825 1961 887; baseline -0.003 -5"><span class='ocrx_word' id='word_1_77' title='bbox 421 844 480 883; x_wconf 90' lang='lat' dir='ltr'><strong>ut</strong></span> <span class='ocrx_word' id='word_1_78' title='bbox 499 828 786 881; x_wconf 77' lang='lat' dir='ltr'><strong>excederet</strong></span> <span class='ocrx_word' id='word_1_79' title='bbox 805 828 1014 879; x_wconf 70' lang='lat' dir='ltr'><strong>castris·</strong></span> <span class='ocrx_word' id='word_1_80' title='bbox 1023 846 1051 887; x_wconf 82' lang='lat'><strong>,-</strong></span> <span class='ocrx_word' id='word_1_81' title='bbox 1088 843 1195 878; x_wconf 82' lang='lat' dir='ltr'><strong>neu</strong></span> <span class='ocrx_word' id='word_1_82' title='bbox 1214 825 1473 878; x_wconf 81' lang='lat' dir='ltr'><strong>licentiae</strong></span> <span class='ocrx_word' id='word_1_83' title='bbox 1495 826 1747 879; x_wconf 81' lang='lat' dir='ltr'><strong>barbara</strong></span> <span class='ocrx_word' id='word_1_84' title='bbox 1776 845 1961 878; x_wconf 77' lang='lat' dir='ltr'><strong>exem—</strong></span> 
     </span>
     <span class='ocr_line' id='line_1_13' title="bbox 419 894 1963 967; baseline -0.003 -18"><span class='ocrx_word' id='word_1_85' title='bbox 419 898 548 967; x_wconf 82' lang='lat' dir='ltr'><strong>plar</strong></span> <span class='ocrx_word' id='word_1_86' title='bbox 569 899 628 948; x_wconf 83' lang='lat' dir='ltr'><strong>in</strong></span> <span class='ocrx_word' id='word_1_87' title='bbox 653 898 985 961; x_wconf 75' lang='lat' dir='ltr'><strong>Graecorum</strong></span> <span class='ocrx_word' id='word_1_88' title='bbox 1005 912 1203 957; x_wconf 74' lang='lat' dir='ltr'><strong>mores,</strong></span> <span class='ocrx_word' id='word_1_89' title='bbox 1243 900 1299 945; x_wconf 82' lang='lat' dir='ltr'><strong>e&#39;t</strong></span> <span class='ocrx_word' id='word_1_90' title='bbox 1318 895 1481 944; x_wconf 82' lang='lat' dir='ltr'><strong>mitia</strong></span> <span class='ocrx_word' id='word_1_91' title='bbox 1501 894 1743 965; x_wconf 81' lang='lat' dir='ltr'><strong>ingenia</strong></span> <span class='ocrx_word' id='word_1_92' title='bbox 1763 904 1963 945; x_wconf 72' lang='lat' dir='ltr'><strong>trans-</strong></span> 
     </span>
     <span class='ocr_line' id='line_1_14' title="bbox 425 961 1963 1031; baseline -0.003 -14"><span class='ocrx_word' id='word_1_93' title='bbox 425 966 618 1028; x_wconf 65' lang='lat' dir='ltr'><strong>ferret.</strong></span> <span class='ocrx_word' id='word_1_94' title='bbox 651 965 826 1015; x_wconf 82' lang='lat' dir='ltr'><strong>Dahae</strong></span> <span class='ocrx_word' id='word_1_95' title='bbox 849 964 1157 1031; x_wconf 80' lang='lat' dir='ltr'><strong>Spitamenis</strong></span> <span class='ocrx_word' id='word_1_96' title='bbox 1180 961 1333 1013; x_wconf 86' lang='lat' dir='ltr'><strong>caede</strong></span> <span class='ocrx_word' id='word_1_97' title='bbox 1360 974 1639 1028; x_wconf 87' lang='lat' dir='ltr'><strong>comperta,</strong></span> <span class='ocrx_word' id='word_1_98' title='bbox 1658 962 1963 1031; x_wconf 86' lang='lat' dir='ltr'><strong>Datapher—</strong></span> 
     </span>
     <span class='ocr_line' id='line_1_15' title="bbox 424 1028 1961 1095; baseline -0.004 -10"><span class='ocrx_word' id='word_1_99' title='bbox 424 1048 548 1085; x_wconf 81' lang='lat' dir='ltr'><strong>nem</strong></span> <span class='ocrx_word' id='word_1_100' title='bbox 567 1033 998 1083; x_wconf 84' lang='lat' dir='ltr'><strong>defectionis·eius</strong></span> <span class='ocrx_word' id='word_1_101' title='bbox 1030 1032 1359 1095; x_wconf 75' lang='lat' dir='ltr'><strong>participem,</strong></span> <span class='ocrx_word' id='word_1_102' title='bbox 1397 1031 1633 1079; x_wconf 80' lang='lat' dir='ltr'><strong>vinctum</strong></span> <span class='ocrx_word' id='word_1_103' title='bbox 1650 1028 1961 1081; x_wconf 76' lang='lat' dir='ltr'><strong>Alexandro</strong></span> 
     </span>
     <span class='ocr_line' id='line_1_16' title="bbox 423 1098 1963 1167; baseline -0.003 -16"><span class='ocrx_word' id='word_1_104' title='bbox 423 1117 582 1167; x_wconf 82' lang='lat' dir='ltr'><strong>seque</strong></span> <span class='ocrx_word' id='word_1_105' title='bbox 613 1099 830 1149; x_wconf 86' lang='lat' dir='ltr'><strong>dedunt.</strong></span> <span class='ocrx_word' id='word_1_106' title='bbox 897 1098 994 1147; x_wconf 84' lang='lat' dir='ltr'><strong>Ille</strong></span> <span class='ocrx_word' id='word_1_107' title='bbox 1006 1133 1020 1158; x_wconf 95' lang='lat'><strong>,</strong></span> <span class='ocrx_word' id='word_1_108' title='bbox 1043 1099 1289 1147; x_wconf 78' lang='lat' dir='ltr'><strong>-maxima</strong></span> <span class='ocrx_word' id='word_1_109' title='bbox 1323 1099 1675 1165; x_wconf 88' lang='lat' dir='ltr'><strong>praesentium</strong></span> <span class='ocrx_word' id='word_1_110' title='bbox 1714 1116 1963 1147; x_wconf 67' lang='lat' dir='ltr'><strong>mirarum</strong></span> 
     </span>
     <span class='ocr_line' id='line_1_17' title="bbox 425 1163 1965 1235; baseline -0.001 -18"><span class='ocrx_word' id='word_1_111' title='bbox 425 1179 568 1235; x_wconf 87' lang='lat' dir='ltr'><strong>parte</strong></span> <span class='ocrx_word' id='word_1_112' title='bbox 595 1167 868 1227; x_wconf 84' lang='lat' dir='ltr'><strong>liberatus,</strong></span> <span class='ocrx_word' id='word_1_113' title='bbox 910 1165 1159 1214; x_wconf 81' lang='lat' dir='ltr'><strong>convertit</strong></span> <span class='ocrx_word' id='word_1_114' title='bbox 1177 1166 1412 1213; x_wconf 83' lang='lat' dir='ltr'><strong>animum</strong></span> <span class='ocrx_word' id='word_1_115' title='bbox 1432 1164 1499 1213; x_wconf 83' lang='lat' dir='ltr'><strong>ad</strong></span> <span class='ocrx_word' id='word_1_116' title='bbox 1514 1163 1859 1215; x_wconf 76' lang='lat' dir='ltr'><strong>vindicandas</strong></span> <span class='ocrx_word' id='word_1_117' title='bbox 1879 1166 1965 1215; x_wconf 86' lang='lat' dir='ltr'><strong>in-</strong></span> 
     </span>
    </p>
   </div>
   <div class='ocr_carea' id='block_1_3' title="bbox 333 1232 1967 1299">
    <p class='ocr_par' dir='ltr' id='par_1_3' title="bbox 333 1232 1967 1299">
     <span class='ocr_line' id='line_1_18' title="bbox 333 1232 1967 1299; baseline -0.002 -14"><span class='ocrx_word' id='word_1_118' title='bbox 333 1271 341 1277; x_wconf 33' lang='lat'><strong>.</strong></span> <span class='ocrx_word' id='word_1_119' title='bbox 425 1236 582 1291; x_wconf 87' lang='lat' dir='ltr'><strong>iurias</strong></span> <span class='ocrx_word' id='word_1_120' title='bbox 603 1250 800 1295; x_wconf 85' lang='lat' dir='ltr'><strong>eorum,</strong></span> <span class='ocrx_word' id='word_1_121' title='bbox 828 1233 1014 1299; x_wconf 85' lang='lat' dir='ltr'><strong>quibus</strong></span> <span class='ocrx_word' id='word_1_122' title='bbox 1027 1249 1055 1280; x_wconf 80' lang='lat' dir='ltr'><strong>a</strong></span> <span class='ocrx_word' id='word_1_123' title='bbox 1074 1232 1393 1298; x_wconf 83' lang='lat' dir='ltr'><strong>praetoribus</strong></span> <span class='ocrx_word' id='word_1_124' title='bbox 1414 1232 1519 1282; x_wconf 83' lang='lat' dir='ltr'><strong>suis</strong></span> <span class='ocrx_word' id='word_1_125' title='bbox 1540 1240 1687 1283; x_wconf 81' lang='lat' dir='ltr'><strong>avare</strong></span> <span class='ocrx_word' id='word_1_126' title='bbox 1701 1250 1761 1281; x_wconf 91' lang='lat' dir='ltr'><strong>ac</strong></span> <span class='ocrx_word' id='word_1_127' title='bbox 1782 1250 1967 1299; x_wconf 85' lang='lat' dir='ltr'><strong>super-</strong></span> 
     </span>
    </p>
   </div>
   <div class='ocr_carea' id='block_1_4' title="bbox 401 1298 2051 2579">
    <p class='ocr_par' dir='ltr' id='par_1_4' title="bbox 421 1298 2051 1755">
     <span class='ocr_line' id='line_1_19' title="bbox 430 1298 1968 1367; baseline -0.002 -15"><span class='ocrx_word' id='word_1_128' title='bbox 430 1303 497 1353; x_wconf 83' lang='lat' dir='ltr'><strong>be</strong></span> <span class='ocrx_word' id='word_1_129' title='bbox 537 1302 902 1367; x_wconf 74' lang='lat' dir='ltr'><strong>imperabatur.</strong></span> <span class='ocrx_word' id='word_1_130' title='bbox 968 1300 1109 1364; x_wconf 83' lang='lat' dir='ltr'><strong>Ergo</strong></span> <span class='ocrx_word' id='word_1_131' title='bbox 1148 1298 1516 1366; x_wconf 80' lang='lat' dir='ltr'><strong>Phratapherni</strong></span> <span class='ocrx_word' id='word_1_132' title='bbox 1552 1298 1881 1366; x_wconf 75' lang='lat' dir='ltr'><strong>Hyrcaniam</strong></span> <span class='ocrx_word' id='word_1_133' title='bbox 1920 1313 1968 1349; x_wconf 79' lang='lat' dir='ltr'><strong>et</strong></span> 
     </span>
     <span class='ocr_line' id='line_1_20' title="bbox 429 1366 1967 1435; baseline -0.003 -14"><span class='ocrx_word' id='word_1_134' title='bbox 429 1370 645 1423; x_wconf 84' lang='lat' dir='ltr'><strong>Mardos</strong></span> <span class='ocrx_word' id='word_1_135' title='bbox 667 1386 790 1419; x_wconf 89' lang='lat' dir='ltr'><strong>cum</strong></span> <span class='ocrx_word' id='word_1_136' title='bbox 812 1368 1034 1435; x_wconf 79' lang='lat' dir='ltr'><strong>Tapuris</strong></span> <span class='ocrx_word' id='word_1_137' title='bbox 1054 1366 1281 1429; x_wconf 83' lang='lat' dir='ltr'><strong>tradidit,</strong></span> <span class='ocrx_word' id='word_1_138' title='bbox 1302 1366 1697 1430; x_wconf 75' lang='lat' dir='ltr'><strong>mandavitque,</strong></span> <span class='ocrx_word' id='word_1_139' title='bbox 1718 1378 1780 1416; x_wconf 88' lang='lat' dir='ltr'><strong>ut</strong></span> <span class='ocrx_word' id='word_1_140' title='bbox 1799 1366 1967 1417; x_wconf 86' lang='lat' dir='ltr'><strong>Phra·—</strong></span> 
     </span>
     <span class='ocr_line' id='line_1_21' title="bbox 431 1432 1970 1500; baseline -0.005 -13"><span class='ocrx_word' id='word_1_141' title='bbox 431 1437 630 1500; x_wconf 87' lang='lat' dir='ltr'><strong>datem,</strong></span> <span class='ocrx_word' id='word_1_142' title='bbox 669 1438 752 1486; x_wconf 84' lang='lat' dir='ltr'><strong>cui</strong></span> <span class='ocrx_word' id='word_1_143' title='bbox 771 1434 1096 1495; x_wconf 77' lang='lat' dir='ltr'><strong>succedebat,</strong></span> <span class='ocrx_word' id='word_1_144' title='bbox 1136 1433 1200 1484; x_wconf 88' lang='lat' dir='ltr'><strong>ad</strong></span> <span class='ocrx_word' id='word_1_145' title='bbox 1220 1450 1273 1483; x_wconf 87' lang='lat' dir='ltr'><strong>se</strong></span> <span class='ocrx_word' id='word_1_146' title='bbox 1306 1433 1361 1482; x_wconf 89' lang='lat' dir='ltr'><strong>in</strong></span> <span class='ocrx_word' id='word_1_147' title='bbox 1389 1432 1683 1483; x_wconf 85' lang='lat' dir='ltr'><strong>custodiam</strong></span> <span class='ocrx_word' id='word_1_148' title='bbox 1714 1435 1970 1484; x_wconf 87' lang='lat' dir='ltr'><strong>mitteret.</strong></span> 
     </span>
     <span class='ocr_line' id='line_1_22' title="bbox 421 1500 1969 1567; baseline -0.002 -12"><span class='ocrx_word' id='word_1_149' title='bbox 421 1505 616 1555; x_wconf 68' lang='lat' dir='ltr'><strong>‘Arsani</strong></span> <span class='ocrx_word' id='word_1_150' title='bbox 633 1504 956 1553; x_wconf 88' lang='lat' dir='ltr'><strong>Drancarum</strong></span> <span class='ocrx_word' id='word_1_151' title='bbox 979 1500 1235 1567; x_wconf 82' lang='lat' dir='ltr'><strong>praefecto</strong></span> <span class='ocrx_word' id='word_1_152' title='bbox 1257 1502 1561 1550; x_wconf 82' lang='lat' dir='ltr'><strong>substitutus</strong></span> <span class='ocrx_word' id='word_1_153' title='bbox 1596 1512 1677 1550; x_wconf 84' lang='lat' dir='ltr'><strong>est</strong></span> <span class='ocrx_word' id='word_1_154' title='bbox 1698 1500 1969 1553; x_wconf 84' lang='lat' dir='ltr'><strong>Stasanor.</strong></span> 
     </span>
     <span class='ocr_line' id='line_1_23' title="bbox 428 1566 2051 1635; baseline -0.002 -13"><span class='ocrx_word' id='word_1_155' title='bbox 428 1570 643 1621; x_wconf 74' lang='lat' dir='ltr'><strong>Arsaces</strong></span> <span class='ocrx_word' id='word_1_156' title='bbox 661 1570 717 1619; x_wconf 83' lang='lat' dir='ltr'><strong>in</strong></span> <span class='ocrx_word' id='word_1_157' title='bbox 735 1570 964 1619; x_wconf 88' lang='lat' dir='ltr'><strong>Mediam</strong></span> <span class='ocrx_word' id='word_1_158' title='bbox 981 1569 1167 1615; x_wconf 85' lang='lat' dir='ltr'><strong>missus</strong></span> <span class='ocrx_word' id='word_1_159' title='bbox 1182 1603 1196 1625; x_wconf 92' lang='lat'><strong>,</strong></span> <span class='ocrx_word' id='word_1_160' title='bbox 1214 1580 1275 1616; x_wconf 89' lang='lat' dir='ltr'><strong>ut</strong></span> <span class='ocrx_word' id='word_1_161' title='bbox 1295 1566 1555 1635; x_wconf 73' lang='lat' dir='ltr'><strong>Oxydates</strong></span> <span class='ocrx_word' id='word_1_162' title='bbox 1578 1567 1703 1618; x_wconf 86' lang='lat' dir='ltr'><strong>inde</strong></span> <span class='ocrx_word' id='word_1_163' title='bbox 1725 1567 1967 1619; x_wconf 86' lang='lat' dir='ltr'><strong>discede·</strong></span> <span class='ocrx_word' id='word_1_164' title='bbox 2046 1600 2051 1605; x_wconf 92' lang='lat'>-</span> 
     </span>
     <span class='ocr_line' id='line_1_24' title="bbox 427 1634 1966 1707; baseline -0.001 -18"><span class='ocrx_word' id='word_1_165' title='bbox 427 1651 526 1689; x_wconf 88' lang='lat' dir='ltr'><strong>ret.</strong></span> <span class='ocrx_word' id='word_1_166' title='bbox 575 1638 885 1707; x_wconf 75' lang='lat' dir='ltr'><strong>Babylonia,</strong></span> <span class='ocrx_word' id='word_1_167' title='bbox 922 1646 1131 1687; x_wconf 78' lang='lat' dir='ltr'><strong>mortuo</strong></span> <span class='ocrx_word' id='word_1_168' title='bbox 1151 1634 1405 1699; x_wconf 57' lang='lat' dir='ltr'><strong>Mazaeo,</strong></span> <span class='ocrx_word' id='word_1_169' title='bbox 1430 1634 1766 1687; x_wconf 87' lang='lat' dir='ltr'><strong>Deditameni</strong></span> <span class='ocrx_word' id='word_1_170' title='bbox 1786 1638 1966 1687; x_wconf 85' lang='lat' dir='ltr'><strong>subie-</strong></span> 
     </span>
     <span class='ocr_line' id='line_1_25' title="bbox 431 1716 627 1755; baseline -0.005 0"><span class='ocrx_word' id='word_1_171' title='bbox 431 1716 511 1755; x_wconf 78' lang='lat' dir='ltr'><strong>cta</strong></span> <span class='ocrx_word' id='word_1_172' title='bbox 533 1717 627 1754; x_wconf 86' lang='lat' dir='ltr'><strong>est.</strong></span> 
     </span>
    </p>

    <p class='ocr_par' dir='ltr' id='par_1_5' title="bbox 401 1768 1999 2579">
     <span class='ocr_line' id='line_1_26' title="bbox 497 1768 1967 1837; baseline 0.001 -18"><span class='ocrx_word' id='word_1_173' title='bbox 497 1768 646 1820; x_wconf 85' lang='lat' dir='ltr'><strong>CAP.</strong></span> <span class='ocrx_word' id='word_1_174' title='bbox 679 1770 772 1823; x_wconf 86' lang='lat' dir='ltr'><strong>IV.</strong></span> <span class='ocrx_word' id='word_1_175' title='bbox 839 1772 931 1821; x_wconf 88' lang='lat' dir='ltr'><strong>His</strong></span> <span class='ocrx_word' id='word_1_176' title='bbox 953 1771 1251 1837; x_wconf 85' lang='lat' dir='ltr'><strong>compositis</strong></span> <span class='ocrx_word' id='word_1_177' title='bbox 1271 1773 1425 1823; x_wconf 85' lang='lat' dir='ltr'><strong>tertio</strong></span> <span class='ocrx_word' id='word_1_178' title='bbox 1456 1788 1634 1821; x_wconf 74' lang='lat' dir='ltr'><strong>mense</strong></span> <span class='ocrx_word' id='word_1_179' title='bbox 1686 1789 1753 1822; x_wconf 81' lang='lat' dir='ltr'><strong>ex</strong></span> <span class='ocrx_word' id='word_1_180' title='bbox 1787 1771 1967 1822; x_wconf 83' lang='lat' dir='ltr'><strong>&#39;hiber-</strong></span> 
     </span>
     <span class='ocr_line' id='line_1_27' title="bbox 430 1838 1968 1907; baseline 0.001 -18"><span class='ocrx_word' id='word_1_181' title='bbox 430 1840 511 1889; x_wconf 82' lang='lat' dir='ltr'><strong>nis</strong></span> <span class='ocrx_word' id='word_1_182' title='bbox 530 1840 693 1888; x_wconf 86' lang='lat' dir='ltr'><strong>movit</strong></span> <span class='ocrx_word' id='word_1_183' title='bbox 713 1840 1017 1901; x_wconf 84' lang='lat' dir='ltr'><strong>exercitum,</strong></span> <span class='ocrx_word' id='word_1_184' title='bbox 1039 1842 1333 1903; x_wconf 85' lang='lat' dir='ltr'><strong>regionem,</strong></span> <span class='ocrx_word' id='word_1_185' title='bbox 1358 1856 1486 1905; x_wconf 83' lang='lat' dir='ltr'><strong>quae</strong></span> <span class='ocrx_word' id='word_1_186' title='bbox 1513 1838 1754 1889; x_wconf 77' lang='lat' dir='ltr'><strong>Gabaza</strong></span> <span class='ocrx_word' id='word_1_187' title='bbox 1783 1842 1968 1907; x_wconf 84' lang='lat' dir='ltr'><strong>appel—</strong></span> 
     </span>
     <span class='ocr_line' id='line_1_28' title="bbox 431 1905 1969 1975; baseline -0.001 -19"><span class='ocrx_word' id='word_1_188' title='bbox 431 1908 594 1969; x_wconf 89' lang='lat' dir='ltr'><strong>latur,</strong></span> <span class='ocrx_word' id='word_1_189' title='bbox 623 1905 872 1955; x_wconf 86' lang='lat' dir='ltr'><strong>aditurus.</strong></span> <span class='ocrx_word' id='word_1_190' title='bbox 939 1906 1146 1955; x_wconf 84' lang='lat' dir='ltr'><strong>Primus</strong></span> <span class='ocrx_word' id='word_1_191' title='bbox 1185 1906 1293 1956; x_wconf 88' lang='lat' dir='ltr'><strong>dies</strong></span> <span class='ocrx_word' id='word_1_192' title='bbox 1319 1910 1549 1975; x_wconf 89' lang='lat' dir='ltr'><strong>quietum</strong></span> <span class='ocrx_word' id='word_1_193' title='bbox 1563 1907 1663 1956; x_wconf 89' lang='lat' dir='ltr'><strong>iter</strong></span> <span class='ocrx_word' id='word_1_194' title='bbox 1701 1908 1969 1974; x_wconf 88' lang='lat' dir='ltr'><strong>praebuit:</strong></span> 
     </span>
     <span class='ocr_line' id='line_1_29' title="bbox 414 1972 1969 2041; baseline -0.001 -18"><span class='ocrx_word' id='word_1_195' title='bbox 414 1976 696 2041; x_wconf 68' lang='lat' dir='ltr'><strong>proximus</strong></span> <span class='ocrx_word' id='word_1_196' title='bbox 729 1974 774 2021; x_wconf 92' lang='lat' dir='ltr'><strong>ei</strong></span> <span class='ocrx_word' id='word_1_197' title='bbox 813 1972 1052 2023; x_wconf 82' lang='lat' dir='ltr'><strong>nondum</strong></span> <span class='ocrx_word' id='word_1_198' title='bbox 1082 1973 1297 2039; x_wconf 79' lang='lat' dir='ltr'><strong>quidem</strong></span> <span class='ocrx_word' id='word_1_199' title='bbox 1332 1975 1656 2040; x_wconf 80' lang='lat' dir='ltr'><strong>procellosus</strong></span> <span class='ocrx_word' id='word_1_200' title='bbox 1702 1986 1753 2023; x_wconf 88' lang='lat' dir='ltr'><strong>et</strong></span> <span class='ocrx_word' id='word_1_201' title='bbox 1794 1975 1969 2037; x_wconf 82' lang='lat' dir='ltr'><strong>tristis,</strong></span> 
     </span>
     <span class='ocr_line' id='line_1_30' title="bbox 429 2041 1967 2107; baseline 0 -16"><span class='ocrx_word' id='word_1_202' title='bbox 429 2042 699 2093; x_wconf 85' lang='lat' dir='ltr'><strong>obscurior</strong></span> <span class='ocrx_word' id='word_1_203' title='bbox 725 2052 902 2091; x_wconf 83' lang='lat' dir='ltr'><strong>tamen</strong></span> <span class='ocrx_word' id='word_1_204' title='bbox 929 2042 1176 2107; x_wconf 88' lang='lat' dir='ltr'><strong>pristino,</strong></span> <span class='ocrx_word' id='word_1_205' title='bbox 1204 2056 1320 2089; x_wconf 86' lang='lat' dir='ltr'><strong>non</strong></span> <span class='ocrx_word' id='word_1_206' title='bbox 1360 2042 1468 2090; x_wconf 89' lang='lat' dir='ltr'><strong>sine</strong></span> <span class='ocrx_word' id='word_1_207' title='bbox 1499 2041 1655 2090; x_wconf 84' lang='lat' dir='ltr'><strong>minis</strong></span> <span class='ocrx_word' id='word_1_208' title='bbox 1688 2043 1967 2091; x_wconf 78' lang='lat' dir='ltr'><strong>crescentis</strong></span> 
     </span>
     <span class='ocr_line' id='line_1_31' title="bbox 428 2100 1967 2175; baseline -0.001 -18"><span class='ocrx_word' id='word_1_209' title='bbox 428 2109 558 2157; x_wconf 87' lang='lat' dir='ltr'><strong>mali</strong></span> <span class='ocrx_word' id='word_1_210' title='bbox 587 2110 864 2173; x_wconf 86' lang='lat' dir='ltr'><strong>praeteriit.</strong></span> <span class='ocrx_word' id='word_1_211' title='bbox 931 2100 1111 2157; x_wconf 77' lang='lat' dir='ltr'><strong>Tertio</strong></span> <span class='ocrx_word' id='word_1_212' title='bbox 1132 2108 1195 2157; x_wconf 89' lang='lat' dir='ltr'><strong>ab</strong></span> <span class='ocrx_word' id='word_1_213' title='bbox 1236 2110 1382 2157; x_wconf 88' lang='lat' dir='ltr'><strong>omni</strong></span> <span class='ocrx_word' id='word_1_214' title='bbox 1394 2110 1554 2175; x_wconf 66' lang='lat' dir='ltr'><strong>”parte</strong></span> <span class='ocrx_word' id='word_1_215' title='bbox 1575 2108 1713 2157; x_wconf 84' lang='lat' dir='ltr'><strong>coeli</strong></span> <span class='ocrx_word' id='word_1_216' title='bbox 1742 2108 1967 2158; x_wconf 80' lang='lat' dir='ltr'><strong>emicare</strong></span> 
     </span>
     <span class='ocr_line' id='line_1_32' title="bbox 431 2175 1965 2238; baseline 0.001 -13"><span class='ocrx_word' id='word_1_217' title='bbox 431 2176 634 2238; x_wconf 80' lang='lat' dir='ltr'><strong>fulgura</strong></span> <span class='ocrx_word' id='word_1_218' title='bbox 646 2212 660 2237; x_wconf 84' lang='lat'>‚</span> <span class='ocrx_word' id='word_1_219' title='bbox 685 2188 736 2224; x_wconf 89' lang='lat' dir='ltr'><strong>et</strong></span> <span class='ocrx_word' id='word_1_220' title='bbox 755 2192 894 2224; x_wconf 87' lang='lat' dir='ltr'><strong>nunc</strong></span> <span class='ocrx_word' id='word_1_221' title='bbox 913 2175 1239 2225; x_wconf 85' lang='lat' dir='ltr'><strong>internitente</strong></span> <span class='ocrx_word' id='word_1_222' title='bbox 1266 2176 1381 2225; x_wconf 84' lang='lat' dir='ltr'><strong>luce</strong></span> <span class='ocrx_word' id='word_1_223' title='bbox 1395 2211 1409 2235; x_wconf 92' lang='lat'><strong>,</strong></span> <span class='ocrx_word' id='word_1_224' title='bbox 1442 2192 1582 2224; x_wconf 89' lang='lat' dir='ltr'><strong>nunc</strong></span> <span class='ocrx_word' id='word_1_225' title='bbox 1602 2175 1810 2225; x_wconf 83' lang='lat' dir='ltr'><strong>condita</strong></span> <span class='ocrx_word' id='word_1_226' title='bbox 1822 2212 1837 2238; x_wconf 91' lang='lat'><strong>,</strong></span> <span class='ocrx_word' id='word_1_227' title='bbox 1857 2194 1965 2227; x_wconf 87' lang='lat' dir='ltr'><strong>non</strong></span> 
     </span>
     <span class='ocr_line' id='line_1_33' title="bbox 431 2240 1999 2302; baseline 0.001 -11"><span class='ocrx_word' id='word_1_228' title='bbox 431 2242 614 2291; x_wconf 86' lang='lat' dir='ltr'><strong>oculos</strong></span> <span class='ocrx_word' id='word_1_229' title='bbox 633 2241 794 2290; x_wconf 90' lang='lat' dir='ltr'><strong>modo</strong></span> <span class='ocrx_word' id='word_1_230' title='bbox 813 2242 1030 2291; x_wconf 86' lang='lat' dir='ltr'><strong>meantis</strong></span> <span class='ocrx_word' id='word_1_231' title='bbox 1055 2242 1302 2291; x_wconf 88' lang='lat' dir='ltr'><strong>exercitus</strong></span> <span class='ocrx_word' id='word_1_232' title='bbox 1324 2240 1415 2289; x_wconf 88' lang='lat' dir='ltr'><strong>sed</strong></span> <span class='ocrx_word' id='word_1_233' title='bbox 1436 2243 1589 2290; x_wconf 88' lang='lat' dir='ltr'><strong>etiam</strong></span> <span class='ocrx_word' id='word_1_234' title='bbox 1612 2244 1831 2302; x_wconf 80' lang='lat' dir='ltr'><strong>animos,</strong></span> <span class='ocrx_word' id='word_1_235' title='bbox 1856 2255 1963 2292; x_wconf 49' lang='lat' dir='ltr'><strong>tex*</strong></span> <span class='ocrx_word' id='word_1_236' title='bbox 1987 2250 1999 2260; x_wconf 91' lang='lat'><strong><em>‘</em></strong></span> 
     </span>
     <span class='ocr_line' id='line_1_34' title="bbox 429 2310 1965 2374; baseline 0.001 -16"><span class='ocrx_word' id='word_1_237' title='bbox 429 2325 540 2358; x_wconf 86' lang='lat' dir='ltr'><strong>rere</strong></span> <span class='ocrx_word' id='word_1_238' title='bbox 581 2321 878 2373; x_wconf 83' lang='lat' dir='ltr'><strong>coeperunt.</strong></span> <span class='ocrx_word' id='word_1_239' title='bbox 943 2310 1069 2357; x_wconf 87' lang='lat' dir='ltr'><strong>Erat</strong></span> <span class='ocrx_word' id='word_1_240' title='bbox 1099 2325 1263 2374; x_wconf 88' lang='lat' dir='ltr'><strong>prope</strong></span> <span class='ocrx_word' id='word_1_241' title='bbox 1303 2310 1575 2358; x_wconf 87' lang='lat' dir='ltr'><strong>continuus</strong></span> <span class='ocrx_word' id='word_1_242' title='bbox 1608 2310 1741 2359; x_wconf 88' lang='lat' dir='ltr'><strong>coeli</strong></span> <span class='ocrx_word' id='word_1_243' title='bbox 1774 2311 1965 2374; x_wconf 83' lang='lat' dir='ltr'><strong>fragor,</strong></span> 
     </span>
     <span class='ocr_line' id='line_1_35' title="bbox 401 2376 1961 2442; baseline 0.002 -19"><span class='ocrx_word' id='word_1_244' title='bbox 401 2435 404 2436; x_wconf 15' lang='lat'><em>⁷</em></span> <span class='ocrx_word' id='word_1_245' title='bbox 431 2386 496 2425; x_wconf 79' lang='lat' dir='ltr'><strong>et,</strong></span> <span class='ocrx_word' id='word_1_246' title='bbox 530 2376 723 2439; x_wconf 88' lang='lat' dir='ltr'><strong>passim</strong></span> <span class='ocrx_word' id='word_1_247' title='bbox 771 2376 1067 2424; x_wconf 87' lang='lat' dir='ltr'><strong>cadentium</strong></span> <span class='ocrx_word' id='word_1_248' title='bbox 1116 2376 1396 2424; x_wconf 78' lang='lat' dir='ltr'><strong>fulminum</strong></span> <span class='ocrx_word' id='word_1_249' title='bbox 1443 2378 1637 2442; x_wconf 84' lang='lat' dir='ltr'><strong>species</strong></span> <span class='ocrx_word' id='word_1_250' title='bbox 1686 2377 1961 2426; x_wconf 72' lang='lat' dir='ltr'><strong>visebatur.</strong></span> 
     </span>
     <span class='ocr_line' id='line_1_36' title="bbox 433 2439 1961 2509; baseline 0.001 -20"><span class='ocrx_word' id='word_1_251' title='bbox 433 2439 776 2506; x_wconf 83' lang='lat' dir='ltr'><strong>Attonitisque</strong></span> <span class='ocrx_word' id='word_1_252' title='bbox 797 2442 1005 2490; x_wconf 86' lang='lat' dir='ltr'><strong>auribus</strong></span> <span class='ocrx_word' id='word_1_253' title='bbox 1027 2454 1237 2507; x_wconf 85' lang='lat' dir='ltr'><strong>stupens</strong></span> <span class='ocrx_word' id='word_1_254' title='bbox 1260 2458 1462 2505; x_wconf 85' lang='lat' dir='ltr'><strong>agmen,</strong></span> <span class='ocrx_word' id='word_1_255' title='bbox 1478 2459 1575 2491; x_wconf 88' lang='lat' dir='ltr'><strong>nec</strong></span> <span class='ocrx_word' id='word_1_256' title='bbox 1588 2442 1853 2509; x_wconf 84' lang='lat' dir='ltr'><strong>progredi,</strong></span> <span class='ocrx_word' id='word_1_257' title='bbox 1866 2445 1961 2492; x_wconf 76' lang='lat' dir='ltr'><strong>nee</strong></span> 
     </span>
     <span class='ocr_line' id='line_1_37' title="bbox 433 2506 1957 2579; baseline 0.004 -26"><span class='ocrx_word' id='word_1_258' title='bbox 433 2510 708 2559; x_wconf 81' lang='lat' dir='ltr'><strong>consistere</strong></span> <span class='ocrx_word' id='word_1_259' title='bbox 728 2506 964 2557; x_wconf 82' lang='lat' dir='ltr'><strong>audebat.</strong></span> <span class='ocrx_word' id='word_1_260' title='bbox 1032 2507 1176 2557; x_wconf 85' lang='lat' dir='ltr'><strong>Tum</strong></span> <span class='ocrx_word' id='word_1_261' title='bbox 1205 2520 1416 2573; x_wconf 88' lang='lat' dir='ltr'><strong>repente</strong></span> <span class='ocrx_word' id='word_1_262' title='bbox 1449 2509 1619 2559; x_wconf 84' lang='lat' dir='ltr'><strong>imber</strong></span> <span class='ocrx_word' id='word_1_263' title='bbox 1650 2508 1957 2579; x_wconf 74' lang='lat' dir='ltr'><strong>grandinem</strong></span> 
     </span>
    </p>
   </div>
   <div class='ocr_carea' id='block_1_5' title="bbox 1432 2653 1452 2675">
    <p class='ocr_par' dir='ltr' id='par_1_6' title="bbox 1432 2653 1452 2675">
     <span class='ocr_line' id='line_1_38' title="bbox 1432 2653 1452 2675; baseline 0 0"><span class='ocrx_word' id='word_1_264' title='bbox 1432 2653 1452 2675; x_wconf 59' lang='grc' dir='ltr'>ὁ</span> 
     </span>
    </p>
   </div>
  </div>
 </body>
</html>
