2084 3009
1078 14 1093 34 χ

416 201 522 264 440
834 203 879 254 1.
932 199 1594 266 ἙΪῙὶΕΙΝΒΗΕ-ΜΙῘΔ

419 299 727 370 apuu-quae
747 301 1080 374 Pamphyliae
1101 306 1406 370 metropolis
1421 316 1545 364 erat,
1585 300 1820 371 Syllium
1841 305 1972 356 iba-v·

419 383 517 426 tur.
560 383 731 422 tutum
768 385 947 422 natura
990 374 1115 420 situs
1157 372 1425 439 oppidum,
1470 383 1518 420 et
1547 383 1650 420 tam
1671 375 1964 437 peregrino

417 442 601 501 milite,
645 457 803 506 quam
842 439 1183 490 barbarorum
1225 441 1571 490 accolentium
1603 439 1753 488 firma
1793 457 1964 496 manu

419 509 618 575 egregie
638 509 917 557 munitum.
947 507 1022 556 Ea
1042 524 1124 556 res
1147 519 1196 556 et
1217 510 1332 571 quia
1349 505 1662 572 Aspendios
1684 505 1965 556 rebellare

418 573 769 634 nuntiabatur,
810 577 985 624 avertit
1024 575 1148 624 ite‘r:
1197 572 1606 641 Aspendumque
1647 573 1836 622 ductus
1881 591 1960 628 ese

419 643 690 694 exercitus.
742 640 847 704 Illi,
888 643 1058 691 subita
1076 640 1425 690 Macedonum
1455 641 1741 705 irruptione
1772 642 1962 706 territi,

392 721 395 726 '
418 707 631 758 desertis
652 725 782 773 quae
802 710 855 759 in
874 711 1031 775 plano
1065 721 1209 757 erant
1231 708 1485 766 aedificiis,
1527 707 1581 754 in
1614 725 1790 756 arcem
1823 725 1964 756 con·-

418 791 630 826 cessere.
688 773 992 836 Alexander,
1017 791 1174 824 vacua
1195 775 1323 824 urbe
1343 775 1550 839 potitus,
1583 775 1680 822 sub
1703 777 1816 839 ipsa
1839 792 1960 825 arce

419 855 581 892 castra
603 845 915 903 communit3
956 853 1007 890 et
1027 859 1150 889 cum
1173 843 1505 906 peritissimos
1528 841 1836 891 architectos
1861 842 1957 892 ha·

414 909 576 972 beret,
599 899 843 980 *aratu
858 910 1250 974 oppugnationis
1266 909 1499 956 obsessos
1516 907 1581 956 ad
1603 925 1786 972 pacem
1807 911 1960 973 prio-

414 971 561 1026 ribus
604 977 985 1026 conditionibus
1024 975 1360 1042 repetendam
1397 977 1668 1040 compulit.
1721 976 1870 1024 Nihil
1889 975 1960 1026 ad

412 1037 610 1092 inaiora
635 1045 931 1110 properanti
963 1045 1186 1108 optatius
1217 1042 1747 1107 accidere,p0tuisset,
1789 1060 1956 1108 quam

414 1110 519 1161 loci
539 1109 677 1159 haud
707 1111 1074 1159 contemnendi
1093 1111 1246 1172 longa
1271 1107 1540 1157 obsidione
1561 1127 1668 1158 non
1687 1109 1956 1160 detinere-

414 1187 528 1236 tur3
570 1192 637 1223 ne
660 1187 834 1224 tamen
860 1177 1112 1242 impunita
1154 1175 1476 1224 defectorum
1511 1175 1766 1234 temeritas
1797 1188 1953 1240 esset,

411 1240 731 1312 potissimos
750 1241 952 1292 civium
974 1241 1196 1292 obsides
1215 1241 1372 1291 tradi
1381 1277 1398 1301 ,
1398 1244 1814 1358 dpecuniaeque
1844 1245 1955 1294 im-

411 1318 645 1380 peratae
665 1327 769 1359 nec
791 1307 1081 1360 exsolutae
1102 1326 1368 1360 summam
1439 1309 1691 1376 aplicari,
1731 1329 1954 1378 praece-

413 1379 516 1445 pit:
576 1375 834 1427 adiectum
874 1389 967 1439 est,
1007 1387 1072 1428 ut
1107 1386 1394 1444 satrapae,
1437 1394 1596 1445 quem
1631 1378 1954 1440 Alexander

453 1445 801 1514 raefeeisset,
840 1443 1144 1508 obedirent,
1183 1462 1376 1495 annua
1397 1445 1811 1496 Macedonibus
1843 1447 1952 1496 tri-

409 1459 551 1562 quta
572 1511 866 1572 solverent,
910 1520 965 1561 et
994 1513 1064 1562 de
1096 1529 1256 1583 agro,
1297 1513 1436 1562 unde
1455 1513 1648 1562 vicinos
1668 1515 1720 1564 vi
1741 1516 1951 1564 eiecisse

332 1581 338 1593 '
416 1582 775 1644 arguebantur,
798 1579 1003 1630 iudicio
1026 1581 1439 1630 contenderent.
1489 1579 1580 1630 His
1600 1582 1668 1629 ita
1689 1584 1843 1646 gestis
1863 1600 1951 1631 re·-

413 1661 625 1696 mensus
642 1649 753 1708 iter,
794 1646 935 1712 quod
973 1648 1040 1697 ad
1072 1645 1408 1714 Pergensium
1447 1648 1710 1714 oppidum>
1737 1649 1948 1712 serebat,

415 1709 536 1763 inde
558 1717 783 1781 perrexit
804 1717 855 1764 in
874 1714 1168 1784 Phrygiam.
1231 1716 1338 1780 Sed
1353 1731 1452 1784 *per
1483 1717 1576 1764 ista
1605 1718 1722 1764 loca
1742 1714 1949 1767 ducenti

409 1779 727 1894 superandae
768 1795 911 1834 erant
950 1785 1236 1850 angustia-e,
1278 1801 1403 1849 quas
1437 1782 1578 1832 iuxta
1609 1785 1945 1845 Telmissum,

409 1859 473 1896 ur
512 1862 594 1894 em
619 1845 926 1908 Pisidarum,
955 1849 1061 1900 duo
1081 1864 1286 1901 montes
1311 1869 1374 1902 ex
1394 1851 1608 1899 adverso
1631 1867 1945 1899 concurren-

411 1921 487 1964 tes
510 1913 751 1973 efficiunt,
793 1915 862 1960 ita
884 1917 1071 1963 strictis
1095 1919 1344 1976 saucibus,
1385 1929 1444 1965 ut
1466 1928 1738 1979 portarum
1759 1917 1942 1966 simili-

410 1971 645 2033 tudinem
666 1979 915 2028 reserant:
955 1996 1140 2044 easque
1161 1979 1366 2030 barbari
1387 1993 1580 2030 armata
1601 1999 1763 2033 manu
1781 1984 1944 2032 utrin-

414 2063 517 2112 que
536 2045 847 2096 insederant.
918 2042 1212 2096 Alexander
1244 2049 1298 2096 in
1323 2049 1434 2113 ipso
1456 2048 1598 2097 aditu
1621 2062 1782 2102 castra
1819 2049 1944 2115 poni

386 2115 569 2176 ·iubet,
600 2125 755 2174 ratus,
786 2113 931 2176 qnod
951 2115 1132 2174 evenit,
1173 2111 1547 2162 Telmissenses
1571 2117 1740 2165 castris
1761 2118 1940 2178 locatis

410 2182 707 2248 pericultun
726 2179 921 2229 differri
947 2180 1222 2229 credentes*
1242 2197 1346 2227 non
1369 2180 1458 2230 diu
1487 2182 1727 2232 haesuros
1759 2181 1812 2232 in
1841 2201 1938 2232 an·-

411 2249 607 2312 gustiis‚
649 2245 739 2295 sed
758 2247 967 2296 modico
990 2249 1043 2297 in
1065 2245 1166 2296 illis
1185 2248 1363 2295 relicto
1387 2249 1643 2313 praesidio
1667 2261 1860 2300 ceteros
1883 2252 1937 2300 in

411 2316 599 2366 urbem
617 2329 909 2362 recessuros
932 2328 1058 2364 esse.
1093 2313 1257 2379 Igitur
1277 2315 1537 2366 occasione
1557 2315 1696 2365 haud
1713 2318 1936 2380 segniter

406 2398 546 2443 usus,
585 2381 821 2448 protinus
856 2383 1141 2446 sagittarios
1176 2393 1226 2429 et
1256 2380 1554 2444 funditores,
1599 2383 1835 2448 quodque
1865 2397 1928 2431 ex

407 2451 549 2514 gravi
569 2449 827 2505 armatu-ra
859 2449 1085 2497 maxime
1118 2445 1417 2513 expeditum
1457 2462 1576 2510 erat,
1617 2449 1839 2509 inducit3
1879 2459 1932 2497 et

406 2515 663 2580 praesidio
694 2515 1034 2564 barbarorum
1067 2515 1353 2577 deturbate,
1395 2528 1510 2565 ante
1550 2519 1714 2582 ipsam
1747 2516 1935 2566 urbem

413 2593 571 2628 castra
594 2582 829 2630 collocat.
883 2580 966 2630 Ibi
985 2583 1182 2646 legatos
1203 2582 1526 2649 Sclgensium
1555 2583 1712 2644 audit,
1755 2585 1846 2648 qui
1865 2583 1933 2632 ob
