2084 3009
665 180 1176 252 Linnnm.
1355 176 1366 180 ·
1535 187 1679 242 ·273

150 297 312 347 gnam
330 279 542 345 deinde,
580 284 713 332 utin
737 299 797 332 ea
814 285 1044 348 regione,
1079 278 1265 333 urbem
1283 287 1536 348 pervenit,
1576 301 1682 335 non

148 366 307 398 muro
338 351 539 411 solum,
575 350 667 398 sed
700 351 852 399 etiam
881 349 1070 414 palude
1099 352 1370 400 munitam.
1441 349 1684 402 Ceterum

150 415 364 466 barbari
376 417 625 464 vehiculis
654 418 787 465 inter
816 433 869 464 se
902 418 1088 466 iunctis
1119 417 1411 466 dimicaturi
1444 433 1684 466 occurre-

151 494 294 532 runt:
317 484 437 532 aliis
456 484 557 530 tela
570 519 585 544 ,
607 484 717 531 aliis
738 482 923 546 hastae,
954 486 1068 532 aliis
1087 501 1286 533 secures
1309 495 1480 543 erant3
1498 485 1686 532 transi-

149 549 447 612 liebantque
468 550 523 596 in
534 549 766 598 vehicula
782 560 991 598 strenuo
1003 551 1154 609 saltu,
1167 567 1288 598 cum
1300 566 1594 599 succurrere
1605 550 1686 600 la·-

150 615 462 666 borantibus
486 617 591 664 suis
609 617 817 666 vellent.
837 613 915 664 Ac
931 618 1101 680 primo
1121 617 1385 666 insolitum
1403 633 1565 680 genus
1584 633 1686 681 pu-

150 699 281 747 gnae
326 682 637 732 Macedonas
677 684 881 745 terruit,
941 701 1063 732 cum
1117 685 1316 733 eminus
1357 685 1686 733 vulneraren-

150 761 261 798 tur:
304 748 495 798 deinde
532 761 705 815 spreto
744 761 853 798 tam
883 751 1148 802 incondito
1179 753 1398 812 auxilio,
1439 751 1504 800 ab
1535 762 1684 800 utro-

149 833 253 880 que
302 817 461 865 latere
498 818 743 868 vehiculis
790 819 1090 868 circumfusi
1129 830 1470 884 nepugnantes
1508 817 1684 868 fodere

143 895 448 948 coeperunt.
514 884 583 934 Et
599 883 851 944 vincula,
874 887 999 954 quis
1031 895 1287 936 con-verta
1309 893 1496 946 erant,
1535 886 1686 934 iussit

147 949 351 1011 incidi,
377 967 383 974 ’
413 967 535 1019 quo.
554 951 799 1018 facilius
826 952 1082 1021 «ringula
1132 952 1679 1002 circumvenirentur.

145 1014 333 1082 ltaque
382 1032 523 1066 v111
560 1020 793 1068 millibus
835 1037 1054 1073 suorum
1103 1020 1392 1070 amissimin
1435 1017 1686 1090 oppidum

145 1083 467 1146 refugerunt.
524 1085 735 1136 Postero
758 1085 840 1136 die
871 1089 1018 1136 scalis
1052 1087 1280 1151 undique
1301 1085 1525 1136 admotis
1546 1085 1686 1136 muri

149 1163 487 1214 occupantur:
531 1155 703 1218 paucis
732 1155 1003 1219 pernicitas
1042 1155 1194 1204 saluti
1233 1155 1348 1202 fuit.
1417 1153 1547 1216 Qui,
1592 1169 1683 1200 co·

145 1217 295 1280 guito
334 1219 475 1266 urbis
508 1220 733 1281 excidio,
772 1220 1388 1284 paludemtransnavere,
1430 1229 1482 1270 ct
1509 1221 1564 1273 in
1601 1220 1714 1276 vi-,

147 1283 265 1331 cina
304 1284 491 1349 oppida
528 1288 580 1334 in
618 1296 791 1334 entem
826 1289 1041 1336 intulere
1083 1300 1360 1347 terrorem,
1412 1285 1680 1334 invictum

146 1351 489 1413 exercitum,
523 1362 581 1400 et
657 1369 837 1402 eorum
852 1353 1136 1420 profecto,
1165 1353 1458 1402 advenisse
1475 1368 1648 1399 memo
1661 1379 1676 1390 ·-

146 1428 339 1467 rantes.
397 1415 693 1470 Alexander
704 1455 719 1480 ,
738 1419 807 1468 ad
824 1419 1120 1470 vastandam
1139 1436 1252 1468 eam
1269 1419 1536 1480 regionem
1554 1416 1680 1473 Per,-

148 1483 297 1532 dicca
338 1501 461 1533 cum
499 1487 732 1550 expedita
769 1503 926 1537 manu
958 1487 1148 1546 misso,
1189 1495 1392 1552 partem
1422 1483 1682 1548 copiarum

144 1550 376 1600 Eumeni
394 1551 579 1613 tradit,
619 1551 679 1601 ut
698 1555 739 1602 is
766 1571 971 1618 quoque
992 1555 1238 1603 barbaros
1269 1551 1333 1603 ad
1365 1549 1705 1612 deditionem.

149 1619 514 1682 compelleret:
536 1618 649 1682 -ipse
672 1629 865 1666 ceteros
886 1617 953 1665 ad
972 1622 1158 1666 urbem
1175 1620 1423 1679 validam,
1445 1620 1500 1666 in
1526 1635 1680 1682 quam

106 1688 117 1694 ”
146 1681 375 1732 aliarum
396 1699 599 1746 quoque
620 1685 950 1748 confugerant
970 1685 1180 1748 incolae,
1201 1683 1360 1733 duxit.
1404 1684 1681 1750 Oppidani,

144 1751 325 1800 missis
339 1783 354 1808 ‚
388 1749 476 1812 qui
494 1765 673 1810 regem
694 1749 1110 1812 deprecarentur,
1131 1751 1460 1802 nihilominus
1481 1753 1680 1805 bellurn

144 1814 421 1885 parabant·
509 1814 715 1882 Quippe
757 1827 867 1864 orta
906 1816 1086 1866 seditio
1124 1819 1178 1867 in
1219 1817 1416 1868 diversa
1471 1821 1681 1870 consilia

149 1883 429 1934 diduxerat
475 1884 717 1946 vulgum:
780 1883 869 1932 alii
918 1886 1092 1934 omnia
1141 1885 1404 1936 deditione
1453 1886 1682 1952 potiora,

152 1949 369 2016 quidam
407 1950 607 1998 nullam
648 1969 801 2018 opem
838 1951 893 2000 in
930 1953 1057 2019 ipsis
1093 1971 1206 2006 esse
1236 1953 1507 2002 ducebant.
1577 1951 1683 2004 Sed

152 2017 283 2067 dum
302 2017 431 2064 nihil
449 2017 499 2064 in
527 2025 799 2068 commune
821 2022 1132 2081 consulitur,
1177 2020 1265 2082 qui
1295 2017 1548 2066 deditioni
1577 2017 1681 2064 im·-

150 2085 445 2145 minebant,
484 2086 666 2150 apertis
697 2088 855 2152 portis
887 2086 1088 2136 hostem
1115 2085 1389 2148 recipiunt.
1448 2080 1687 2132 Alexan-

152 2151 263 2213 der,
286 2168 598 2218 quamquam
618 2153 743 2202 belli
763 2155 1053 2202 auctoribus
1073 2154 1180 2200 iure
1199 2161 1398 2215 poterat
1417 2150 1581 2213 irasci,
1601 2162 1682 2201 tae-

151 2235 279 2268 men
303 2220 545 2285 omnibus
579 2222 727 2269 venia
758 2220 900 2282 data,
941 2232 993 2268 et
1025 2216 1292 2266 obsidibus
1331 2217 1573 2281 acceptis,
1616 2215 1683 2267 ad

153 2287 446 2352 proxixnam
467 2286 651 2336 deinde
671 2287 857 2336 urbem
879 2298 1038 2334 castra
1058 2283 1240 2332 movit.
1280 2281 1684 2332 Obsides'duce-

156 2353 343 2402 bantur
362 2363 477 2403 ante
498 2370 699 2418 agmen.
766 2354 913 2418 Quos
945 2367 1067 2400 cum
1097 2367 1124 2398 e
1153 2351 1317 2398 muris
1347 2351 1688 2412 agnovissent,

155 2423 336 2484 utpote
358 2423 521 2485 gentis
540 2421 799 2482 eiusdem,
832 2422 887 2468 in
921 2417 1245 2483 colloquium
1267 2425 1687 2464 convocaverunt.

153 2483 263 2549 mi,
309 2486 653 2536 clementzam
673 2487 831 2556 regis
850 2484 1114 2553 simulque
1134 2484 1246 2536 ’vim
1261 2495 1694 2546 ,commemoram-

153 2553 241 2611 do,
260 2552 329 2601 ad
346 2553 668 2603 deditionem
690 2571 776 2602 eos
796 2555 1120 2618 compulere:
1143 2563 1434 2625 ceterasque
1447 2545 1600 2597 nrbes
1615 2549 1686 2596 ui-

150 2621 266 2669 mffi
287 2620 449 2668 modo
472 2620 671 2670 deditas
692 2621 743 2668 in
763 2620 919 2670 fidem
938 2623 1152 2688 accepit.
1219 2621 1356 2668 Hinc
1384 2631 1442 2663 m
1469 2630 1684 2679 regnum

225 2685 503 2736 Cvnrxva.
1228 2687 1266 2736 S

754 2803 761 2824 l

230 2867 257 2886 l
