2084 3009
364 184 471 242 276
895 178 967 246 Q.
1034 143 1365 230 cvm-11

364 281 533 334 hatur.
552 280 743 334 Rursus
766 281 969 332 avaritia
990 283 1200 345 gloriae,
1219 293 1270 330 et
1289 280 1584 330 insatiabilis
1605 278 1796 346 cupido
1826 278 1904 328 sn-

366 367 483 400 mae
497 385 512 412 ,
542 350 674 399 nihil
691 351 885 400 invium
899 385 914 408 ,
935 349 1066 398 nihil
1089 362 1352 398 remotum
1369 349 1532 398 videri
1556 347 1772 396 sinebat.
1832 343 1906 395 Et

366 417 629 468 interdum
667 417 960 476 dubitabat,
1015 434 1092 466 an
1141 417 1495 475 Macedones,
1552 422 1636 466 tot
1689 412 1908 462 emensi

367 485 563 552 spatia
583 493 879 544 terrarum,
922 485 981 534 in
1000 485 1118 549 acie
1137 485 1272 532 etin
1303 483 1508 532 castris
1544 497 1704 530 senes
1719 478 1906 548 facti,

364 569 469 622 per
494 551 705 602 obiecta
719 553 967 616 flumina,
977 568 1087 616 per
1109 559 1194 600 tot
1215 559 1452 600 naturae
1475 547 1755 599 obstantes
1779 543 1906 615 dif-

365 617 648 684 ficultates
669 623 917 670 secuturi
936 617 1167 668 essent?
1191 617 1540 668 abundantes
1561 623 1906 682 onustosque

365 685 608 753 praeda,
629 702 717 734 ma
726 687 811 735 eis
822 695 999 751 parta
1004 683 1138 752 frui
1153 685 1295 735 velle
1311 721 1323 742 ,
1403 701 1530 743 uam
1556 681 1906 750 adquirenda

365 751 633 821 fatigari.
676 725 803 801 1557»
821 752 961 802 idem
982 751 1093 802 sibi
1111 762 1168 802 et
1185 753 1349 802 militi
1384 753 1450 800 us
1471 751 1645 800 animi
1663 765 1785 798 esse
1799 768 1818 798 .-
1841 765 1906 798 se

367 819 541 869 totius
562 818 711 868 orbis
729 820 1009 887 imperium
1034 829 1214 869 mente
1239 819 1597 886 complexum,
1639 815 1826 866 adhuc
1848 816 1909 864 in

369 903 591 954 operum
621 903 837 936 suorum
860 887 1166 956 primordio
1193 896 1380 937 stare.-
1419 885 1671 943 militem,
1711 882 1910 933 labore

370 952 779 1023 defatigatum,
808 956 1120 1022 proximum
1160 971 1423 1024 quemque
1445 951 1705 1020 fructum
1728 949 1910 1016 finito

371 1021 597 1070 tandem
607 1022 863 1087 periculo
884 1032 1158 1090 expetere.
1224 1023 1360 1072 Vicit
1385 1019 1505 1085 ergo
1531 1020 1722 1086 cupido
1741 1020 1912 1067 ratio-

371 1105 510 1148 nem,
532 1089 668 1150 *d
688 1090 989 1138 concionem
1008 1091 1199 1139 vocatis
1219 1089 1472 1136 militibus
1491 1088 1560 1138 ad
1580 1085 1718 1136 hu'nc
1735 1087 1912 1135 maxi-

368 1170 455 1202 me
474 1152 692 1202 modum
712 1147 970 1202 disseruit:
1021 1157 1158 1203 ‘Non
1178 1155 1376 1221 ignoro
1389 1187 1404 1210 ,
1445 1153 1677 1212 milites,
1710 1151 1910 1211 multa,

316 1211 332 1230 ⁴
372 1233 515 1288 quae
538 1228 745 1268 terrere
766 1237 866 1269 vos
881 1229 1137 1286 poscent,
1159 1221 1229 1270 ab
1251 1219 1448 1272 incolis
1467 1219 1666 1268 Indiae
1686 1235 1793 1285 per
1811 1217 1912 1267 hos

372 1287 492 1336 dies
512 1285 578 1336 de
602 1286 882 1336 industria
904 1305 1023 1336 esee
1044 1297 1290 1338 iactata:
1331 1287 1430 1336 sed
1449 1303 1558 1337 non
1580 1295 1668 1335 est
1691 1287 1910 1352 impro-

371 1355 499 1418 visu
518 1353 671 1404 vobis
692 1355 1074 1405 mentientium
1092 1355 1342 1406 vanitas.
1410 1355 1500 1404 Sic
1512 1352 1912 1420 ‘Ciliciaefau-

372 1438 465 1471 ces
475 1457 494 1482 ,
516 1422 597 1472 sic
617 1423 1052 1490 Mesopotamc’ae
1073 1439 1322 1489 campos,
1349 1420 1560 1490 Tigrim
1581 1429 1634 1469 et
1651 1419 1912 1486 Euphra-

373 1498 511 1548 tem,
554 1506 777 1557 quorum
798 1489 1037 1548 alterum
1057 1491 1212 1551 vado,
1234 1489 1622 1546 transivimus„
1664 1486 1912 1542 alterum

370 1565 567 1622 ponte,
609 1557 911 1606 terribilem
924 1557 1197 1624 fecerant
1215 1559 1438 1606 Persae.
1504 1556 1802 1623 Nunquam
1837 1553 1912 1603 ad

372 1622 641 1690 liquidum
653 1621 825 1690 fama
836 1624 1194 1690 perducitur:
1233 1623 1446 1681 omnia,
1487 1620 1586 1671 illa
1625 1621 1912 1679 tradente,

372 1689 589 1737 maiora
628 1699 763 1739 sunt
797 1708 945 1741 vero.
1024 1691 1238 1739 Nostra
1276 1706 1491 1759 quoque
1524 1688 1743 1759 gloria,
1787 1705 1912 1738 cum

373 1755 453 1802 sit
491 1772 559 1802 ea·
600 1756 806 1815 solido,
840 1757 973 1823 plus
1011 1766 1198 1807 tamen
1233 1757 1403 1807 habet
1439 1757 1700 1816 nominis,
1746 1772 1912 1825 quam

376 1821 575 1887 operis.
643 1823 810 1871 Modo
850 1825 978 1890 quis
1021 1823 1234 1874 belluas
1289 1823 1585 1889 offerentes
1639 1823 1912 1873 moenium

375 1878 634 1952 sstiem,
676 1889 801 1956 quis
833 1890 1142 1954 Hydaspen
1171 1907 1406 1952 amnem,
1446 1892 1574 1958 quis
1595 1899 1781 1942 cetera
1801 1907 1910 1938 au·-

376 1955 498 2003 ditu
529 1956 767 2026 maiora,
806 1973 968 2024 quam
996 1973 1156 2018 vero,
1197 1955 1476 2006 sustinere
1509 1975 1678 2036 posse
1714 1956 1912 2006 crede-

376 2021 475 2071 bat
488 2021 519 2069 Ρ
564 2021 701 2071 olim
720 2021 943 2076 hercule
954 2021 1308 2094 fugissemus
1329 2043 1399 2074 ex
1419 2026 1582 2086 Asta,
1621 2024 1674 2075 si
1697 2041 1800 2074 nos
1809 2023 1915 2089 fa-

376 2087 829 2150 bulaeflebellare
840 2092 1182 2156 potuissent.
1254 2091 1566 2141 Creditisne
1587 2091 1915 2159 elephanto-

376 2169 498 2202 rum
512 2165 725 2222 greges
749 2160 983 2208 maiores
1012 2175 1162 2220 esse,
1185 2177 1354 2237 quam
1369 2174 1439 2208 us
1481 2175 1608 2208 uam
1631 2167 1918 2210 armento·-

374 2235 497 2268 rum
517 2231 651 2268 sunt
666 2221 699 2268 ?
720 2239 837 2272 eum
857 2233 915 2273 et
933 2241 1126 2274 rarum
1147 2235 1226 2274 szt
1245 2226 1432 2275 anima
1466 2261 1481 2284 ‚
1505 2243 1606 2275 nec
1612 2224 1799 2293 facile
1824 2239 1918 2276 ca-

370 2285 583 2353 piatur,
604 2287 877 2356 multoque
889 2291 1175 2356 difficilius
1194 2293 1507 2361 mitigetur.
1529 2294 1707 2362 Atqui
1727 2293 1919 2342 eadem

374 2354 605 2402 vanitas
647 2357 840 2420 copias
885 2357 1131 2420 peditum
1171 2360 1524 2428 equitumque
1581 2364 1918 2410 numeravit.

375 2421 517 2469 Nam
520 2421 747 2486 flumen,
763 2439 871 2490 quo
881 2423 1264 2490 latius-fusum
1275 2435 1374 2483 est,
1388 2426 1488 2476 hoc
1495 2425 1779 2492 placidius
1799 2435 1920 2476 sta·

371 2494 545 2560 gnat:
585 2489 781 2554 quippe
802 2490 1070 2555 angustis
1091 2491 1231 2556 ripis
1252 2494 1492 2541 coercita
1505 2529 1519 2550 ,
1563 2502 1620 2543 et
1641 2497 1704 2543 in
1725 2509 1921 2562 angu-

372 2557 590 2600 σέων-ειη
620 2553 834 2604 alveum
872 2554 1037 2614 elisa,
1080 2566 1358 2608 torrentes
1393 2576 1574 2628 aquas
1605 2559 1887 2610 invehunt
1895 2579 1922 2619 ,·

372 2623 565 2663 contra
576 2623 759 2682 spatio
772 2619 922 2670 alvei
938 2624 1168 2690 segnior
1187 2642 1387 2676 cursus
1403 2636 1506 2676 est.
1521 2629 1836 2677 Praeterea
1859 2628 1920 2678 in
