2084 3009
482 131 548 190 23
920 86 923 89 ’
1007 119 1079 188 Q.
1145 114 1576 219 evang„

418 232 422 241 '
480 223 686 278 ducenti
720 218 900 275 serme‘
912 221 1222 273 nobilissimi
1277 212 1988 289 ropinquorum‘comitaban-

476 306 576 344 tur.
636 290 841 341 Horum
859 307 1045 357 agmen
1065 238 1395 338 claudessatur
1414 288 1624 351 triginta
1645 286 1891 335 millibus
1914 304 1990 352 pe-

476 359 643 410 ditum
663 394 679 420 ,
738 372 866 422 quos
907 357 1025 422 equi
1063 356 1198 419 regis
1241 352 1599 417 quadringenti
1638 354 1996 417 sequebantur.

475 424 753 475 Intervallo
774 422 959 491 deinde
980 422 1133 471 unius
1154 418 1319 481 stadii,
1340 418 1716 469 matremDarii
1731 418 1993 485 Sysigam-

476 493 589 543 him
610 506 787 541 currus
808 490 1052 552 vehebat;
1072 488 1196 537 etin
1217 488 1317 535 alio
1339 497 1446 535 erat
1467 486 1670 535 coniux.
1719 486 1908 536 Turba
1929 488 1993 537 fe-

476 560 741 609 minarum
790 558 995 621 reginae
1067 554 1426 605 comitantium
1492 552 1635 617 equis
1687 554 1994 603 vectabatur.

481 625 793 691 Quindecim
812 624 948 686 Inde,
978 639 1106 687 quas
1127 634 1484 671 armamaxas
1503 618 1786 683 appellant,
1821 636 1993 686 seque·

481 694 688 761 bantur.
719 689 781 739 In
802 690 881 739 his
904 700 1050 739 erant
1066 688 1218 737 liberi
1238 688 1389 751 regis,
1411 696 1462 736 et
1481 686 1572 750 qui
1591 682 1891 735 educabant
1911 702 1994 746 eos,

484 776 509 808 ι
550 757 878 821 adonumque
916 772 1055 820 grex,
1093 752 1234 804 haud
1272 769 1394 802 sane
1443 753 1547 801 ilus
1595 752 1844 815 gentibus
1879 754 1996 804 vilis.

486 776 625 875 'Ipum
646 824 809 887 regiae
829 824 1035 888 pellices
1055 831 1308 870 trecentae
1329 820 1584 883 sexaginta
1601 817 1944 882 vehebantur,
1965 830 1998 867 et

484 891 621 957 ipsae
641 888 799 953 regali
821 890 962 938 cultu
983 899 1285 951 ornatuque.
1303 884 1428 935 Post
1448 902 1572 950 quas
1593 886 1878 949 pecuniam
1887 886 1999 949 regis

485 958 707 1009 sexcenti
726 956 873 1017 muli,
915 966 966 1005 et
984 956 1199 1004 trecenti
1219 953 1401 1003 cameli
1419 951 1694 1013 vehebant,
1749 953 1999 1017 praesidio

484 1023 863 1087 sagittariorum
911 1032 1271 1087 prosequente.
1337 1017 1760 1085 Propinquorum.
1815 1021 2001 1068 amico-

486 1106 707 1153 rumque
730 1088 969 1151 coniuges
992 1086 1114 1135 huic
1133 1086 1324 1149 agmini
1342 1086 1634 1151 proximae,
1678 1085 2000 1151 lixarumque

489 1168 541 1205 et
560 1156 801 1203 calonum
820 1169 993 1218 greges
1026 1151 1359 1201 vehebantur.
1387 1151 1575 1199 Ultimi
1595 1162 1740 1200 erant
1766 1169 1901 1203 cum
1917 1154 2000 1201 suls

488 1224 704 1287 quisque
726 1220 940 1269 ducibus
960 1218 1050 1283 qui
1077 1230 1317 1283 cogerent
1336 1234 1547 1283 agmen,
1599 1218 1788 1268 leviter
1817 1220 2001 1269 armati.

483 1288 685 1339 Contra
703 1287 745 1335 si
777 1287 889 1353 quis
920 1287 1083 1335 aciem
1100 1284 1451 1334 Macedonum
1469 1286 1751 1333 intueretur
1763 1320 1780 1347 ‚
1845 1285 2002 1351 dispar

490 1357 620 1406 acies
643 1366 749 1405 erat
768 1390 783 1416 ,
825 1354 967 1419 equis
988 1351 1212 1417 virisque
1233 1368 1338 1401 non
1360 1367 1502 1413 aur-0,
1525 1368 1634 1399 non
1653 1350 1916 1402 discolori
1931 1369 2000 1401 ve-

491 1434 590 1484 ete,
612 1421 701 1472 sed
720 1422 853 1470 ferro
876 1432 1027 1485 atque
1047 1436 1162 1469 aere
1185 1418 1517 1483 fulgentibus.
1581 1415 1794 1482 Agmen
1817 1431 1871 1469 et
1892 1433 2002 1469 stare

530 1500 743 1548 aratum,
766 1499 813 1537 et
835 1488 1005 1550 aequi:
1035 1502 1131 1535 nec
1153 1486 1330 1546 turba3
1369 1501 1466 1534 nec
1485 1484 1694 1534 sarcinis
1714 1500 2006 1551 praegrave:

492 1566 751 1605 intentum
770 1552 835 1600 ad
856 1551 999 1600 ducis
1022 1569 1128 1601 non
1160 1553 1368 1616 signum
1397 1549 1583 1614 m‘odo,
1623 1550 1906 1613 sedetiam
1925 1568 2006 1601 nu-

492 1636 623 1672 tum.
642 1619 711 1666 Et
730 1618 905 1667 castris
924 1619 1087 1677 locus,
1111 1628 1160 1667 et
1171 1619 1414 1667 exercitui
1429 1630 1743 1667 commeatus
1768 1630 1998 1685 suppete-

491 1687 635 1737 bant.
700 1684 839 1747 Ergo
860 1680 1154 1751 Alexandro
1176 1684 1232 1733 in
1249 1686 1355 1733 acie
1373 1686 1523 1734 miles
1543 1700 1648 1733 non
1672 1684 1873 1735 defuit:
1918 1686 2008 1735 Da·

492 1754 614 1813 r‘ms,
634 1762 801 1799 tantae
820 1750 1166 1798 multitudinis
1185 1766 1289 1811 rex,
1309 1750 1428 1811 loci,
1449 1752 1504 1799 in
1515 1766 1618 1815 quo
1636 1755 1914 1815 pugnavit,
1937 1770 2010 1802 an-

494 1818 669 1884 gustiis
688 1814 923 1866 redactus
944 1828 1021 1868 est
1039 1815 1106 1866 ad
1122 1816 1446 1883 paucitatem,
1467 1832 1623 1884 quam
1640 1819 1696 1867 in
1713 1816 1876 1870 hoste
1902 1837 2012 1871 con-

494 1895 752 1936 temserat.
1237 1936 1242 1941 ,
1617 1896 1622 1901 ’

626 1949 774 2002 CAP.
807 1949 899 2003 Iv.
962 1950 1165 2001 Interea
1183 1950 1498 2015 Alexander,
1516 1950 1864 2005 Abistamene
1889 1955 2014 2021 Cap-

495 2018 738 2087 padociae
770 2020 1060 2085 praeposito
1075 2056 1091 2081 ,
1129 2018 1364 2069 Ciliciam
1397 2030 1574 2085 petens
1607 2036 1732 2069 cuna
1767 2024 2014 2072 omnibus

496 2088 669 2151 copiis,
683 2088 969 2150 regionem,
992 2104 1122 2151 quae
1143 2094 1332 2137 castra
1359 2084 1488 2152 Cyri
1504 2088 1815 2153 appellatur,
1835 2105 2015 2156 perve-

495 2165 655 2202 nerat.
677 2153 868 2202 Stativa
886 2154 959 2203 ibi
977 2153 1225 2204 habuerat
1235 2152 1413 2220 Cyrus,
1435 2170 1556 2203 cum
1574 2151 1861 2205 adversum
1875 2156 2018 2205 Croe-

495 2234 613 2268 sum
634 2220 685 2267 in
706 2218 923 2285 Lydiam
942 2220 1168 2269 duceret.
1217 2218 1410 2269 Aberat
1429 2237 1486 2269 ea
1505 2221 1645 2284 regio
1668 2222 2019 2288 quinquagin-

498 2296 548 2333 ta
565 2283 727 2334 stadia
745 2286 809 2334 ah
830 2283 986 2344 aditu,
1008 2300 1113 2348 quo
1132 2284 1367 2334 Ciliciam
1386 2286 1651 2335 intramus:
1667 2285 1858 2352 Pylas
1883 2290 2023 2338 inco·

442 2371 447 2377 ·
495 2352 576 2401 lae
602 2350 803 2411 dicunt3
826 2351 1130 2400 arctissimae
1155 2350 1350 2413 fauces,
1369 2353 1707 2413 munimenta,
1749 2370 1900 2421 quae
1919 2372 2022 2405 ma-

497 2434 569 2467 nu
588 2418 831 2482 ponimus
845 2452 858 2478 ,
901 2418 1121 2465 naturali
1141 2418 1244 2465 situ
1273 2418 1523 2468 imitante·
1592 2417 1758 2483 Igitur
1778 2417 2024 2478 Arsanea

498 2484 586 2548 qui
606 2482 812 2532 Ciliciae
832 2493 1087 2547 praeerat,
1124 2494 1362 2549 reputans
1383 2478 1509 2551 quid
1527 2486 1672 2533 initio
1693 2486 1825 2536 belli
1849 2488 2026 2539 hiem-

498 2566 606 2599 non
626 2550 885 2612 suasisset,
925 2548 1190 2615 quondam
1213 2550 1414 2604 salubre
1436 2552 1708 2605 consilium
1728 2570 1858 2607 aero
1887 2572 2024 2607 exse·
