2084 3009
625 133 959 223 LIBJER
1023 171 1127 222 1x.
1539 171 1637 228 281

119 283 224 334 que
245 269 488 332 seniores,
529 269 642 335 quis
663 273 730 320 ob
749 283 968 322 aetatem
1007 281 1059 319 et
1096 271 1349 320 excusatio
1386 267 1647 320 honestior

117 347 257 397 erat,
303 349 352 385 et
371 339 642 386 auctoritas
662 340 854 396 maior,
897 337 1077 386 eadem
1104 339 1485 402 praecabantur.
1549 336 1647 386 lue

119 419 220 450 nec
251 405 488 468 castigare
529 405 835 465 obstinatos,
876 423 972 454 nec
1006 407 1239 468 mitigare
1260 413 1457 468 pote-rat
1478 403 1649 450 iratos.

115 466 299 534 Itaque
339 473 488 535 inops
520 473 720 520 consilii
750 472 956 520 desiluit
985 490 1011 520 e
1039 473 1312 530 tribunali,
1354 467 1543 517 claudi
1582 485 1649 516 ue

115 536 338 604 regiam
375 539 544 598 iussit,
616 540 878 598 omnibus,
949 547 1150 604 praeter
1190 547 1417 586 assuetos
1432 572 1447 595 ‚
1510 553 1537 582 a
1578 535 1651 582 ire

111 604 406 668 prohibitis.
475 603 700 654 Biduum
721 606 823 654 irae
848 605 1036 654 datum
1070 617 1167 654 est:
1207 605 1357 654 tertio
1397 602 1479 652 die
1518 618 1649 666 pro-

115 671 288 731 cessit,
308 672 532 734 erigique
551 687 632 720 111
653 675 762 720 aras
786 689 848 720 ex
867 673 1112 736 quadrato
1142 689 1291 729 saxo,
1331 685 1650 718 monumen-

114 749 234 785 tum
264 737 603 802 expeditionis
644 757 780 802 suae,
809 737 1144 788 munimenta
1183 752 1400 803 qunque
1438 743 1651 784 castro-

114 820 242 853 rum
281 805 428 854 iussit
457 805 686 855 extendi
695 843 722 867 ,‚
763 803 1075 873 cubiliaque
1108 801 1389 868 amplioris
1404 799 1648 869 formae,

114 888 288 939 quam
320 887 425 938 pro
467 888 754 938 corporum
771 871 994 932 habitu,
1032 870 1301 938 relinqui,
1341 879 1400 918 ut
1428 870 1653 934 speciem

115 939 360 986 onustum
379 951 606 1001 augeret,
624 939 909 1006 >posteritati
929 941 1087 989 fallax
1104 937 1415 992 miraculum
1436 951 1653 1001 praepa·-

114 1021 255 1054 rans.
323 1004 454 1053 Hinc
473 1017 707 1072 repetens
729 1024 858 1072 quae
899 1023 1137 1055 emensus
1178 1014 1311 1064 erat,
1354 1001 1422 1052 ad
1458 1004 1654 1054 flumen
1684 1057 1691 1064 ,

113 1068 392 1121 Acesinem
413 1075 550 1122 locat
570 1084 748 1122 castra.
813 1073 893 1124 Ibi
922 1075 1055 1122 forte
1096 1071 1299 1120 Coenus
1334 1069 1523 1118 morbo
1561 1086 1654 1119 ex-

115 1141 332 1187 stinctus
355 1151 446 1188 est.
469 1139 814 1188 Cuius-morte
835 1141 1085 1206 ingemuit
1102 1157 1191 1188 rex
1210 1135 1451 1202 quidem3
1472 1135 1656 1186 adiecit

115 1216 319 1263 tamen,
353 1213 579 1270 propter
594 1221 806 1270 pauco-s
827 1206 944 1255 dies
966 1207 1193 1274 longam
1212 1203 1513 1252 orationem
1534 1219 1655 1254 eum

119 1285 401 1332 exorsum,
434 1279 701 1338 tanquam
717 1270 867 1320 solus
887 1271 1281 1320 Macedoniam
1318 1270 1541 1319 visurus
1564 1287 1655 1320 es·-

119 1345 228 1386 set.
250 1336 381 1384 'Iam
401 1337 455 1385 In
477 1347 605 1401 aqua
629 1339 800 1385 classis
815 1373 829 1398 ,
853 1355 1008 1402 quam
1029 1335 1280 1384 ae‘difi'cari
1298 1337 1525 1396 iusserat,
1546 1348 1652 1384 sta-

115 1405 227 1454 bat.
265 1403 406 1452 Inter
425 1403 549 1452 haec
569 1404 821 1453 Memnon
842 1421 906 1454 ex
925 1403 1143 1451 Thracia
1162 1404 1217 1450 in
1234 1403 1649 1466 supplementum

119 1473 355 1536 equitum
375 1486 470 1520 sex
499 1472 690 1533 millia,
729 1483 929 1536 praeter
949 1488 1036 1520 eos
1068 1471 1133 1520 ab
1164 1469 1388 1534 Harpalo
1418 1467 1653 1534 peditum

119 1551 322 1604 septem
339 1539 506 1588 millia
525 1538 834 1599 adduxerat,
873 1555 1118 1602 armaque
1140 1553 1245 1586 xxv
1264 1535 1429 1584 millia
1444 1552 1569 1586 auro
1602 1547 1654 1584 et

115 1617 332 1669 argento
358 1608 543 1655 caelata
566 1607 866 1670 pertulerat,
907 1604 1022 1670 quis
1045 1604 1329 1654 distributis
1346 1613 1515 1652 vetera
1538 1619 1651 1652 cre-

117 1674 251 1720 mari
273 1674 431 1721 iussit.
488 1673 635 1721 Mille
657 1674 866 1736 navigiis
889 1659 1119 1721 aditurus
1141 1670 1433 1729 Oceanum,
1454 1669 1652 1718 discor-

119 1737 212 1786 des
239 1750 290 1786 et
307 1750 478 1788 vetera
500 1738 617 1787 odia
638 1751 966 1800 retractantes
987 1738 1183 1788 Porum
1206 1749 1256 1786 et
1276 1737 1539 1799 Taxilem‚
1558 1736 1653 1786 In·-

115 1804 232 1855 diae
253 1821 413 1870 reges,
426 1806 622 1856 firmata
641 1823 737 1871 per
756 1807 1049 1856 affinitatem
1068 1807 1226 1870 gratia
1245 1805 1452 1870 reliquit
1471 1805 1525 1854 in
1546 1805 1651 1854 suis

115 1873 318 1936 regnis;
356 1889 562 1922 summo
584 1873 639 1921 iti
657 1872 966 1922 aedificanda
999 1875 1157 1922 classe
1177 1872 1455 1921 amborum
1480 1870 1653 1919 studio

117 1957 260 1987 usus.
328 1938 533 2004 Oppida
553 1957 760 2006 quoque
781 1940 883 1989 duo
906 1940 1163 2000 condidit,
1187 1955 1413 2003 quorum
1432 1939 1652 1986 alterum

122 2003 388 2054 Nicaeam
399 2009 685 2071 appellavit,
708 2009 929 2056 alterum
950 2003 1319 2070 Bucephalon,
1341 2004 1475 2067 equi,
1497 2019 1655 2067 quem

119 2073 382 2132 amiserat,
404 2075 684 2124 memoriae
706 2092 764 2122 ac
782 2074 982 2120 nomini
1003 2071 1244 2120 dedicans
1264 2070 1469 2118 urbem.
1516 2067 1653 2118 Ele-

115 2138 352 2208 phontis
371 2135 579 2197 deinde,
623 2150 673 2187 et
693 2137 1094 2204 impedimentis
1114 2145 1273 2186 terra
1290 2135 1456 2203 sequi
1482 2137 1651 2195 iussis,

120 2204 348 2266 secundo
369 2220 520 2253 amne
541 2204 776 2266 defluxit,
806 2204 1327 2270 quadraginta-ferme
1350 2202 1510 2253 stadia
1542 2204 1652 2252 sin-

121 2273 258 2336 gulis
297 2270 480 2320 diebus
519 2271 826 2336 procedens,
865 2283 924 2322 ut
952 2270 1255 2338 opportunis
1292 2271 1422 2320 locis
1462 2270 1651 2338 exponi

123 2336 343 2389 subinde
366 2340 538 2402 copiae
557 2350 781 2404 possent.

195 2402 344 2454 CAP.
376 2405 468 2456 IV.
535 2405 842 2456 Perventum
881 2417 990 2456 erat
1031 2406 1086 2454 in
1125 2401 1421 2466 regionem,
1458 2403 1514 2450 in
1557 2419 1653 2466 qua

125 2469 388 2537 Hydaspes
411 2473 576 2522 amnis
605 2470 811 2522 Acesini
842 2474 1199 2522 committitur.
1267 2468 1403 2518 Hinc
1434 2467 1654 2518 decurrit

128 2539 184 2587 in
201 2539 324 2588 fines
347 2538 646 2590 Sobiorum.
686 2539 754 2588 Hi
775 2539 842 2588 de
865 2540 1111 2591 exercitu
1138 2534 1395 2588 Herculis
1416 2533 1653 2584 maiano

128 2619 262 2654 suos
283 2621 404 2656 esse
424 2618 856 2657 commemorant:
894 2623 1097 2676 aegros
1116 2605 1337 2656 relictos
1363 2618 1521 2658 ess-e,-
1563 2618 1651 2651 ce-
