<?xml version="1.0" encoding="UTF-8"?>
<!DOCTYPE html PUBLIC "-//W3C//DTD XHTML 1.0 Transitional//EN"
    "http://www.w3.org/TR/xhtml1/DTD/xhtml1-transitional.dtd">
<html xmlns="http://www.w3.org/1999/xhtml" xml:lang="en" lang="en">
 <head>
  <title>
</title>
<meta http-equiv="Content-Type" content="text/html;charset=utf-8" />
  <meta name='ocr-system' content='tesseract 3.04.00' />
  <meta name='ocr-capabilities' content='ocr_page ocr_carea ocr_par ocr_line ocrx_word'/>
</head>
<body>
  <div class='ocr_page' id='page_1' title='image "./qcurtiirufihist00freigoog_0425.png"; bbox 0 0 2084 3009; ppageno 0'>
   <div class='ocr_carea' id='block_1_1' title="bbox 350 132 1566 203">
    <p class='ocr_par' dir='ltr' id='par_1_1' title="bbox 350 132 1566 203">
     <span class='ocr_line' id='line_1_1' title="bbox 350 132 1566 203; baseline -0.012 -5"><span class='ocrx_word' id='word_1_1' title='bbox 350 188 358 198; x_wconf 83' lang='grc'><em>,</em></span> <span class='ocrx_word' id='word_1_2' title='bbox 436 145 544 203; x_wconf 80' lang='grc'><strong>420</strong></span> <span class='ocrx_word' id='word_1_3' title='bbox 828 138 872 188; x_wconf 90' lang='grc' dir='ltr'><strong>Ι.</strong></span> <span class='ocrx_word' id='word_1_4' title='bbox 924 132 1566 187; x_wconf 84' lang='lat' dir='ltr'><strong>FREINSHEMII</strong></span> 
     </span>
    </p>
   </div>
   <div class='ocr_carea' id='block_1_2' title="bbox 434 226 1990 440">
    <p class='ocr_par' dir='ltr' id='par_1_2' title="bbox 434 226 1990 440">
     <span class='ocr_line' id='line_1_2' title="bbox 434 226 1986 305; baseline -0.003 -12"><span class='ocrx_word' id='word_1_5' title='bbox 434 226 629 294; x_wconf 76' lang='lat' dir='ltr'><strong>¹similia</strong></span> <span class='ocrx_word' id='word_1_6' title='bbox 648 240 860 290; x_wconf 83' lang='lat' dir='ltr'><strong>molitos</strong></span> <span class='ocrx_word' id='word_1_7' title='bbox 878 239 1074 305; x_wconf 87' lang='lat' dir='ltr'><strong>ubique</strong></span> <span class='ocrx_word' id='word_1_8' title='bbox 1095 254 1352 286; x_wconf 83' lang='lat' dir='ltr'><strong>successus</strong></span> <span class='ocrx_word' id='word_1_9' title='bbox 1365 235 1611 286; x_wconf 78' lang='lat' dir='ltr'><strong>destituit.</strong></span> <span class='ocrx_word' id='word_1_10' title='bbox 1631 234 1986 288; x_wconf 76' lang='lat' dir='ltr'><strong>Clazomenas</strong></span> 
     </span>
     <span class='ocr_line' id='line_1_3' title="bbox 439 305 1990 369; baseline -0.004 -9"><span class='ocrx_word' id='word_1_11' title='bbox 439 325 629 369; x_wconf 84' lang='lat' dir='ltr'><strong>tamen,</strong></span> <span class='ocrx_word' id='word_1_12' title='bbox 669 310 807 358; x_wconf 89' lang='lat' dir='ltr'><strong>mole</strong></span> <span class='ocrx_word' id='word_1_13' title='bbox 846 307 1074 356; x_wconf 87' lang='lat' dir='ltr'><strong>duorum</strong></span> <span class='ocrx_word' id='word_1_14' title='bbox 1113 305 1400 354; x_wconf 82' lang='lat' dir='ltr'><strong>stadiorum</strong></span> <span class='ocrx_word' id='word_1_15' title='bbox 1430 315 1646 368; x_wconf 66' lang='lat' dir='ltr'><strong>aggesta,</strong></span> <span class='ocrx_word' id='word_1_16' title='bbox 1690 307 1990 355; x_wconf 84' lang='lat' dir='ltr'><strong>continenti</strong></span> 
     </span>
     <span class='ocr_line' id='line_1_4' title="bbox 438 371 1990 440; baseline -0.004 -13"><span class='ocrx_word' id='word_1_17' title='bbox 438 377 621 439; x_wconf 84' lang='lat' dir='ltr'><strong>iunxit,</strong></span> <span class='ocrx_word' id='word_1_18' title='bbox 650 393 775 440; x_wconf 84' lang='lat' dir='ltr'><strong>quas</strong></span> <span class='ocrx_word' id='word_1_19' title='bbox 796 375 927 423; x_wconf 91' lang='lat' dir='ltr'><strong>olim</strong></span> <span class='ocrx_word' id='word_1_20' title='bbox 944 387 1089 424; x_wconf 88' lang='lat' dir='ltr'><strong>metu</strong></span> <span class='ocrx_word' id='word_1_21' title='bbox 1107 373 1384 422; x_wconf 81' lang='lat' dir='ltr'><strong>Persarum</strong></span> <span class='ocrx_word' id='word_1_22' title='bbox 1407 371 1730 421; x_wconf 65' lang='lat' dir='ltr'><strong>Claiomenii</strong></span> <span class='ocrx_word' id='word_1_23' title='bbox 1751 373 1809 420; x_wconf 91' lang='lat' dir='ltr'><strong>in</strong></span> <span class='ocrx_word' id='word_1_24' title='bbox 1831 374 1990 422; x_wconf 88' lang='lat' dir='ltr'><strong>insu-</strong></span> 
     </span>
    </p>
   </div>
   <div class='ocr_carea' id='block_1_3' title="bbox 438 439 2077 506">
    <p class='ocr_par' dir='ltr' id='par_1_3' title="bbox 438 439 2077 506">
     <span class='ocr_line' id='line_1_5' title="bbox 438 439 2077 506; baseline -0.002 -12"><span class='ocrx_word' id='word_1_25' title='bbox 438 446 547 494; x_wconf 90' lang='lat' dir='ltr'><strong>lam</strong></span> <span class='ocrx_word' id='word_1_26' title='bbox 567 443 944 493; x_wconf 80' lang='lat' dir='ltr'><strong>transtulerant.</strong></span> <span class='ocrx_word' id='word_1_27' title='bbox 982 442 1088 492; x_wconf 87' lang='lat' dir='ltr'><strong>Sed</strong></span> <span class='ocrx_word' id='word_1_28' title='bbox 1105 441 1230 490; x_wconf 88' lang='lat' dir='ltr'><strong>haec</strong></span> <span class='ocrx_word' id='word_1_29' title='bbox 1250 441 1462 504; x_wconf 84' lang='lat' dir='ltr'><strong>quidem</strong></span> <span class='ocrx_word' id='word_1_30' title='bbox 1481 458 1637 505; x_wconf 86' lang='lat' dir='ltr'><strong>opera</strong></span> <span class='ocrx_word' id='word_1_31' title='bbox 1657 439 1817 504; x_wconf 83' lang='lat' dir='ltr'><strong>regiis</strong></span> <span class='ocrx_word' id='word_1_32' title='bbox 1838 458 1994 506; x_wconf 84' lang='lat' dir='ltr'><strong>prae-</strong></span> <span class='ocrx_word' id='word_1_33' title='bbox 2075 489 2077 506; x_wconf 43' lang='lat'><em>2</em></span> 
     </span>
    </p>
   </div>
   <div class='ocr_carea' id='block_1_4' title="bbox 376 508 2079 2664">
    <p class='ocr_par' dir='ltr' id='par_1_4' title="bbox 376 508 2079 2664">
     <span class='ocr_line' id='line_1_6' title="bbox 422 508 1994 575; baseline -0.004 -14"><span class='ocrx_word' id='word_1_34' title='bbox 422 512 585 561; x_wconf 61' lang='lat' dir='ltr'><strong>fectis</strong></span> <span class='ocrx_word' id='word_1_35' title='bbox 608 512 880 560; x_wconf 85' lang='lat' dir='ltr'><strong>commissa</strong></span> <span class='ocrx_word' id='word_1_36' title='bbox 902 521 1039 559; x_wconf 87' lang='lat' dir='ltr'><strong>sunt.</strong></span> <span class='ocrx_word' id='word_1_37' title='bbox 1083 510 1196 575; x_wconf 88' lang='lat' dir='ltr'><strong>Ipse</strong></span> <span class='ocrx_word' id='word_1_38' title='bbox 1217 510 1470 558; x_wconf 84' lang='lat' dir='ltr'><strong>sacrificiis</strong></span> <span class='ocrx_word' id='word_1_39' title='bbox 1491 508 1688 572; x_wconf 82' lang='lat' dir='ltr'><strong>Ephesi</strong></span> <span class='ocrx_word' id='word_1_40' title='bbox 1706 509 1994 572; x_wconf 85' lang='lat' dir='ltr'><strong>magnifice</strong></span> 
     </span>
     <span class='ocr_line' id='line_1_7' title="bbox 418 577 1992 639; baseline -0.004 -11"><span class='ocrx_word' id='word_1_41' title='bbox 418 579 723 639; x_wconf 78' lang='lat' dir='ltr'><strong>-celebratis,</strong></span> <span class='ocrx_word' id='word_1_42' title='bbox 763 579 816 626; x_wconf 91' lang='lat' dir='ltr'><strong>in</strong></span> <span class='ocrx_word' id='word_1_43' title='bbox 856 577 1110 628; x_wconf 80' lang='lat' dir='ltr'><strong>honorem</strong></span> <span class='ocrx_word' id='word_1_44' title='bbox 1139 579 1279 625; x_wconf 88' lang='lat' dir='ltr'><strong>Deae</strong></span> <span class='ocrx_word' id='word_1_45' title='bbox 1310 593 1432 625; x_wconf 86' lang='lat' dir='ltr'><strong>cum</strong></span> <span class='ocrx_word' id='word_1_46' title='bbox 1461 578 1702 624; x_wconf 84' lang='lat' dir='ltr'><strong>universo</strong></span> <span class='ocrx_word' id='word_1_47' title='bbox 1734 577 1992 634; x_wconf 83' lang='lat' dir='ltr'><strong>exercitu,</strong></span> 
     </span>
     <span class='ocr_line' id='line_1_8' title="bbox 442 641 1995 712; baseline -0.003 -18"><span class='ocrx_word' id='word_1_48' title='bbox 442 647 531 712; x_wconf 84' lang='lat' dir='ltr'><strong>qui</strong></span> <span class='ocrx_word' id='word_1_49' title='bbox 556 645 746 705; x_wconf 86' lang='lat' dir='ltr'><strong>aderat,</strong></span> <span class='ocrx_word' id='word_1_50' title='bbox 788 647 843 694; x_wconf 88' lang='lat' dir='ltr'><strong>in</strong></span> <span class='ocrx_word' id='word_1_51' title='bbox 874 646 1029 694; x_wconf 88' lang='lat' dir='ltr'><strong>armis</strong></span> <span class='ocrx_word' id='word_1_52' title='bbox 1069 645 1385 693; x_wconf 68' lang='lat' dir='ltr'><strong>decucurrit:</strong></span> <span class='ocrx_word' id='word_1_53' title='bbox 1423 655 1634 708; x_wconf 76' lang='lat' dir='ltr'><strong>postero</strong></span> <span class='ocrx_word' id='word_1_54' title='bbox 1671 641 1868 690; x_wconf 85' lang='lat' dir='ltr'><strong>deinde</strong></span> <span class='ocrx_word' id='word_1_55' title='bbox 1905 641 1995 690; x_wconf 87' lang='lat' dir='ltr'><strong>die</strong></span> 
     </span>
     <span class='ocr_line' id='line_1_9' title="bbox 441 709 1996 778; baseline -0.002 -17"><span class='ocrx_word' id='word_1_56' title='bbox 441 729 563 762; x_wconf 83' lang='lat' dir='ltr'><strong>cum</strong></span> <span class='ocrx_word' id='word_1_57' title='bbox 582 711 825 778; x_wconf 80' lang='lat' dir='ltr'><strong>peditatu,</strong></span> <span class='ocrx_word' id='word_1_58' title='bbox 869 729 1025 777; x_wconf 87' lang='lat' dir='ltr'><strong>quem</strong></span> <span class='ocrx_word' id='word_1_59' title='bbox 1054 719 1230 761; x_wconf 78' lang='lat' dir='ltr'><strong>secum</strong></span> <span class='ocrx_word' id='word_1_60' title='bbox 1257 711 1504 772; x_wconf 85' lang='lat' dir='ltr'><strong>habebat,</strong></span> <span class='ocrx_word' id='word_1_61' title='bbox 1545 710 1786 760; x_wconf 85' lang='lat' dir='ltr'><strong>assumtis</strong></span> <span class='ocrx_word' id='word_1_62' title='bbox 1812 709 1996 758; x_wconf 88' lang='lat' dir='ltr'><strong>Thra-</strong></span> 
     </span>
     <span class='ocr_line' id='line_1_10' title="bbox 441 777 1994 843; baseline -0.002 -15"><span class='ocrx_word' id='word_1_63' title='bbox 441 795 562 828; x_wconf 87' lang='lat' dir='ltr'><strong>cum</strong></span> <span class='ocrx_word' id='word_1_64' title='bbox 583 779 853 842; x_wconf 86' lang='lat' dir='ltr'><strong>equitibus,</strong></span> <span class='ocrx_word' id='word_1_65' title='bbox 876 791 924 828; x_wconf 90' lang='lat' dir='ltr'><strong>et</strong></span> <span class='ocrx_word' id='word_1_66' title='bbox 944 791 1163 843; x_wconf 87' lang='lat' dir='ltr'><strong>quatuor</strong></span> <span class='ocrx_word' id='word_1_67' title='bbox 1177 781 1464 827; x_wconf 86' lang='lat' dir='ltr'><strong>amicorum</strong></span> <span class='ocrx_word' id='word_1_68' title='bbox 1474 778 1677 835; x_wconf 86' lang='lat' dir='ltr'><strong>turmis,</strong></span> <span class='ocrx_word' id='word_1_69' title='bbox 1699 777 1841 825; x_wconf 86' lang='lat' dir='ltr'><strong>inter</strong></span> <span class='ocrx_word' id='word_1_70' title='bbox 1861 794 1994 840; x_wconf 86' lang='lat' dir='ltr'><strong>quas</strong></span> 
     </span>
     <span class='ocr_line' id='line_1_11' title="bbox 443 845 1996 910; baseline -0.002 -15"><span class='ocrx_word' id='word_1_71' title='bbox 443 857 493 895; x_wconf 86' lang='lat' dir='ltr'><strong>et</strong></span> <span class='ocrx_word' id='word_1_72' title='bbox 512 846 651 907; x_wconf 88' lang='lat' dir='ltr'><strong>regia</strong></span> <span class='ocrx_word' id='word_1_73' title='bbox 672 857 792 906; x_wconf 85' lang='lat' dir='ltr'><strong>erat,</strong></span> <span class='ocrx_word' id='word_1_74' title='bbox 824 846 1068 894; x_wconf 88' lang='lat' dir='ltr'><strong>Miletum</strong></span> <span class='ocrx_word' id='word_1_75' title='bbox 1089 845 1369 896; x_wconf 84' lang='lat' dir='ltr'><strong>contendit.</strong></span> <span class='ocrx_word' id='word_1_76' title='bbox 1430 845 1635 910; x_wconf 87' lang='lat' dir='ltr'><strong>Quippe</strong></span> <span class='ocrx_word' id='word_1_77' title='bbox 1656 845 1996 908; x_wconf 83' lang='lat' dir='ltr'><strong>Hegesistra-</strong></span> 
     </span>
     <span class='ocr_line' id='line_1_12' title="bbox 440 911 2079 979; baseline 0.002 -19"><span class='ocrx_word' id='word_1_78' title='bbox 440 924 541 971; x_wconf 81' lang='lat' dir='ltr'><strong>tus,</strong></span> <span class='ocrx_word' id='word_1_79' title='bbox 582 912 821 978; x_wconf 84' lang='lat' dir='ltr'><strong>praesidii</strong></span> <span class='ocrx_word' id='word_1_80' title='bbox 842 914 1144 979; x_wconf 82' lang='lat' dir='ltr'><strong>praefectus,</strong></span> <span class='ocrx_word' id='word_1_81' title='bbox 1165 913 1324 964; x_wconf 76' lang='lat' dir='ltr'><strong>literis</strong></span> <span class='ocrx_word' id='word_1_82' title='bbox 1357 911 1423 960; x_wconf 85' lang='lat' dir='ltr'><strong>ad</strong></span> <span class='ocrx_word' id='word_1_83' title='bbox 1455 929 1578 960; x_wconf 90' lang='lat' dir='ltr'><strong>eum</strong></span> <span class='ocrx_word' id='word_1_84' title='bbox 1607 911 1800 973; x_wconf 87' lang='lat' dir='ltr'><strong>missis,</strong></span> <span class='ocrx_word' id='word_1_85' title='bbox 1843 929 1998 978; x_wconf 85' lang='lat' dir='ltr'><strong>spem</strong></span> <span class='ocrx_word' id='word_1_86' title='bbox 2077 961 2079 968; x_wconf 23' lang='lat' dir='ltr'><em>A</em></span> 
     </span>
     <span class='ocr_line' id='line_1_13' title="bbox 444 977 2079 1050; baseline 0.002 -23"><span class='ocrx_word' id='word_1_87' title='bbox 444 977 719 1050; x_wconf 68' lang='lat' dir='ltr'><strong>deditionis</strong></span> <span class='ocrx_word' id='word_1_88' title='bbox 740 981 949 1030; x_wconf 81' lang='lat' dir='ltr'><strong>fecerat:</strong></span> <span class='ocrx_word' id='word_1_89' title='bbox 982 980 1074 1030; x_wconf 89' lang='lat' dir='ltr'><strong>sed</strong></span> <span class='ocrx_word' id='word_1_90' title='bbox 1093 992 1369 1046; x_wconf 87' lang='lat' dir='ltr'><strong>postquam</strong></span> <span class='ocrx_word' id='word_1_91' title='bbox 1389 979 1666 1028; x_wconf 84' lang='lat' dir='ltr'><strong>Persarum</strong></span> <span class='ocrx_word' id='word_1_92' title='bbox 1689 979 1922 1028; x_wconf 81' lang='lat' dir='ltr'><strong>classem</strong></span> <span class='ocrx_word' id='word_1_93' title='bbox 1941 983 1995 1030; x_wconf 89' lang='lat' dir='ltr'><strong>in</strong></span> <span class='ocrx_word' id='word_1_94' title='bbox 2077 991 2079 998; x_wconf 65' lang='lat'><strong><em>⁴</em></strong></span> 
     </span>
     <span class='ocr_line' id='line_1_14' title="bbox 443 1047 1992 1113; baseline 0.003 -21"><span class='ocrx_word' id='word_1_95' title='bbox 443 1047 734 1110; x_wconf 87' lang='lat' dir='ltr'><strong>propinquo</strong></span> <span class='ocrx_word' id='word_1_96' title='bbox 755 1050 944 1097; x_wconf 80' lang='lat' dir='ltr'><strong>versari</strong></span> <span class='ocrx_word' id='word_1_97' title='bbox 966 1059 1288 1112; x_wconf 83' lang='lat' dir='ltr'><strong>cognoverat,</strong></span> <span class='ocrx_word' id='word_1_98' title='bbox 1327 1059 1524 1096; x_wconf 83' lang='lat' dir='ltr'><strong>mutata</strong></span> <span class='ocrx_word' id='word_1_99' title='bbox 1554 1047 1812 1095; x_wconf 85' lang='lat' dir='ltr'><strong>sententia</strong></span> <span class='ocrx_word' id='word_1_100' title='bbox 1835 1050 1992 1113; x_wconf 88' lang='lat' dir='ltr'><strong>oppi-</strong></span> 
     </span>
     <span class='ocr_line' id='line_1_15' title="bbox 443 1112 1994 1166; baseline 0.002 -6"><span class='ocrx_word' id='word_1_101' title='bbox 443 1113 574 1160; x_wconf 81' lang='lat' dir='ltr'><strong>‹hun</strong></span> <span class='ocrx_word' id='word_1_102' title='bbox 605 1112 765 1162; x_wconf 88' lang='lat' dir='ltr'><strong>Dario</strong></span> <span class='ocrx_word' id='word_1_103' title='bbox 808 1120 1107 1164; x_wconf 82' lang='lat' dir='ltr'><strong>conservare</strong></span> <span class='ocrx_word' id='word_1_104' title='bbox 1147 1115 1424 1161; x_wconf 83' lang='lat' dir='ltr'><strong>nitebatur.</strong></span> <span class='ocrx_word' id='word_1_105' title='bbox 1484 1115 1622 1162; x_wconf 84' lang='lat' dir='ltr'><strong>Nam</strong></span> <span class='ocrx_word' id='word_1_106' title='bbox 1641 1125 1694 1160; x_wconf 88' lang='lat' dir='ltr'><strong>et</strong></span> <span class='ocrx_word' id='word_1_107' title='bbox 1715 1129 1994 1166; x_wconf 84' lang='lat' dir='ltr'><strong>commea·-</strong></span> 
     </span>
     <span class='ocr_line' id='line_1_16' title="bbox 440 1179 1994 1244; baseline 0.003 -19"><span class='ocrx_word' id='word_1_108' title='bbox 440 1190 595 1227; x_wconf 84' lang='lat' dir='ltr'><strong>tuum</strong></span> <span class='ocrx_word' id='word_1_109' title='bbox 613 1180 958 1244; x_wconf 86' lang='lat' dir='ltr'><strong>telorumque,</strong></span> <span class='ocrx_word' id='word_1_110' title='bbox 1001 1192 1052 1227; x_wconf 87' lang='lat' dir='ltr'><strong>et</strong></span> <span class='ocrx_word' id='word_1_111' title='bbox 1082 1181 1125 1227; x_wconf 89' lang='lat' dir='ltr'><strong>si</strong></span> <span class='ocrx_word' id='word_1_112' title='bbox 1139 1195 1260 1243; x_wconf 83' lang='lat' dir='ltr'><strong>·qua</strong></span> <span class='ocrx_word' id='word_1_113' title='bbox 1280 1180 1378 1227; x_wconf 88' lang='lat' dir='ltr'><strong>alia</strong></span> <span class='ocrx_word' id='word_1_114' title='bbox 1399 1179 1467 1228; x_wconf 88' lang='lat' dir='ltr'><strong>ad</strong></span> <span class='ocrx_word' id='word_1_115' title='bbox 1485 1179 1821 1228; x_wconf 83' lang='lat' dir='ltr'><strong>tolerandam</strong></span> <span class='ocrx_word' id='word_1_116' title='bbox 1843 1181 1994 1230; x_wconf 87' lang='lat' dir='ltr'><strong>obsi-</strong></span> 
     </span>
     <span class='ocr_line' id='line_1_17' title="bbox 444 1245 1996 1310; baseline 0.003 -17"><span class='ocrx_word' id='word_1_117' title='bbox 444 1245 656 1294; x_wconf 88' lang='lat' dir='ltr'><strong>dionem</strong></span> <span class='ocrx_word' id='word_1_118' title='bbox 692 1249 1025 1308; x_wconf 86' lang='lat' dir='ltr'><strong>requiruntur</strong></span> <span class='ocrx_word' id='word_1_119' title='bbox 1047 1281 1061 1304; x_wconf 89' lang='lat'><strong>,</strong></span> <span class='ocrx_word' id='word_1_120' title='bbox 1097 1257 1346 1310; x_wconf 81' lang='lat' dir='ltr'><strong>&#39;magnam</strong></span> <span class='ocrx_word' id='word_1_121' title='bbox 1385 1245 1609 1296; x_wconf 85' lang='lat' dir='ltr'><strong>habebat</strong></span> <span class='ocrx_word' id='word_1_122' title='bbox 1649 1248 1866 1310; x_wconf 88' lang='lat' dir='ltr'><strong>copiam</strong></span> <span class='ocrx_word' id='word_1_123' title='bbox 1883 1285 1901 1309; x_wconf 93' lang='lat'><strong>,</strong></span> <span class='ocrx_word' id='word_1_124' title='bbox 1949 1262 1996 1298; x_wconf 88' lang='lat' dir='ltr'><strong>et</strong></span> 
     </span>
     <span class='ocr_line' id='line_1_18' title="bbox 444 1311 1994 1380; baseline 0.002 -18"><span class='ocrx_word' id='word_1_125' title='bbox 444 1323 889 1380; x_wconf 84' lang='lat' dir='ltr'><strong>propugnatorum</strong></span> <span class='ocrx_word' id='word_1_126' title='bbox 900 1311 1232 1362; x_wconf 84' lang='lat' dir='ltr'><strong>multitudine</strong></span> <span class='ocrx_word' id='word_1_127' title='bbox 1245 1313 1556 1375; x_wconf 86' lang='lat' dir='ltr'><strong>abundabat,</strong></span> <span class='ocrx_word' id='word_1_128' title='bbox 1579 1314 1700 1378; x_wconf 89' lang='lat' dir='ltr'><strong>quia</strong></span> <span class='ocrx_word' id='word_1_129' title='bbox 1712 1314 1994 1378; x_wconf 80' lang='lat' dir='ltr'><strong>Memnon,</strong></span> 
     </span>
     <span class='ocr_line' id='line_1_19' title="bbox 406 1378 1996 1444; baseline 0.002 -13"><span class='ocrx_word' id='word_1_130' title='bbox 406 1382 424 1392; x_wconf 64' lang='grc'><strong>“</strong></span> <span class='ocrx_word' id='word_1_131' title='bbox 448 1397 570 1431; x_wconf 83' lang='lat' dir='ltr'><strong>cum</strong></span> <span class='ocrx_word' id='word_1_132' title='bbox 589 1382 657 1431; x_wconf 66' lang='lat' dir='ltr'><strong>ek</strong></span> <span class='ocrx_word' id='word_1_133' title='bbox 676 1381 877 1444; x_wconf 87' lang='lat' dir='ltr'><strong>proelio</strong></span> <span class='ocrx_word' id='word_1_134' title='bbox 896 1378 1144 1427; x_wconf 88' lang='lat' dir='ltr'><strong>Miletum</strong></span> <span class='ocrx_word' id='word_1_135' title='bbox 1162 1383 1490 1444; x_wconf 80' lang='lat' dir='ltr'><strong>perfugisset,</strong></span> <span class='ocrx_word' id='word_1_136' title='bbox 1529 1381 1712 1430; x_wconf 88' lang='lat' dir='ltr'><strong>multis</strong></span> <span class='ocrx_word' id='word_1_137' title='bbox 1751 1381 1843 1429; x_wconf 74' lang='lat' dir='ltr'><strong>ibi-</strong></span> <span class='ocrx_word' id='word_1_138' title='bbox 1862 1401 1996 1433; x_wconf 86' lang='lat' dir='ltr'><strong>suo-</strong></span> 
     </span>
     <span class='ocr_line' id='line_1_20' title="bbox 446 1445 1994 1514; baseline 0.002 -16"><span class='ocrx_word' id='word_1_139' title='bbox 446 1466 569 1498; x_wconf 87' lang='lat' dir='ltr'><strong>rum</strong></span> <span class='ocrx_word' id='word_1_140' title='bbox 607 1449 799 1514; x_wconf 82' lang='lat' dir='ltr'><strong>relictis</strong></span> <span class='ocrx_word' id='word_1_141' title='bbox 837 1445 1158 1514; x_wconf 87' lang='lat' dir='ltr'><strong>praesidium</strong></span> <span class='ocrx_word' id='word_1_142' title='bbox 1193 1447 1500 1498; x_wconf 80' lang='lat' dir='ltr'><strong>firmaverat.</strong></span> <span class='ocrx_word' id='word_1_143' title='bbox 1587 1448 1758 1512; x_wconf 78' lang='lat' dir='ltr'><strong>Igitur</strong></span> <span class='ocrx_word' id='word_1_144' title='bbox 1798 1450 1994 1501; x_wconf 81' lang='lat' dir='ltr'><strong>infesto</strong></span> 
     </span>
     <span class='ocr_line' id='line_1_21' title="bbox 448 1515 1996 1583; baseline 0.003 -21"><span class='ocrx_word' id='word_1_145' title='bbox 448 1519 651 1579; x_wconf 83' lang='lat' dir='ltr'><strong>agmine</strong></span> <span class='ocrx_word' id='word_1_146' title='bbox 672 1532 984 1580; x_wconf 80' lang='lat' dir='ltr'><strong>suggressus,</strong></span> <span class='ocrx_word' id='word_1_147' title='bbox 1028 1515 1339 1564; x_wconf 85' lang='lat' dir='ltr'><strong>exteriorem</strong></span> <span class='ocrx_word' id='word_1_148' title='bbox 1369 1517 1570 1572; x_wconf 84' lang='lat' dir='ltr'><strong>urbem,</strong></span> <span class='ocrx_word' id='word_1_149' title='bbox 1611 1527 1672 1564; x_wconf 87' lang='lat' dir='ltr'><strong>ut</strong></span> <span class='ocrx_word' id='word_1_150' title='bbox 1702 1517 1807 1583; x_wconf 87' lang='lat' dir='ltr'><strong>ipsi</strong></span> <span class='ocrx_word' id='word_1_151' title='bbox 1828 1535 1996 1567; x_wconf 81' lang='lat' dir='ltr'><strong>voca·-</strong></span> 
     </span>
     <span class='ocr_line' id='line_1_22' title="bbox 446 1582 1995 1650; baseline 0.003 -19"><span class='ocrx_word' id='word_1_152' title='bbox 446 1582 587 1640; x_wconf 89' lang='lat' dir='ltr'><strong>bant,</strong></span> <span class='ocrx_word' id='word_1_153' title='bbox 629 1599 693 1630; x_wconf 90' lang='lat' dir='ltr'><strong>ex</strong></span> <span class='ocrx_word' id='word_1_154' title='bbox 712 1583 891 1632; x_wconf 89' lang='lat' dir='ltr'><strong>itinere</strong></span> <span class='ocrx_word' id='word_1_155' title='bbox 928 1583 1088 1647; x_wconf 85' lang='lat' dir='ltr'><strong>cepit:</strong></span> <span class='ocrx_word' id='word_1_156' title='bbox 1129 1597 1252 1631; x_wconf 86' lang='lat' dir='ltr'><strong>nam</strong></span> <span class='ocrx_word' id='word_1_157' title='bbox 1284 1582 1530 1648; x_wconf 77' lang='lat' dir='ltr'><strong>oppidani</strong></span> <span class='ocrx_word' id='word_1_158' title='bbox 1561 1585 1890 1650; x_wconf 80' lang='lat' dir='ltr'><strong>militesque,</strong></span> <span class='ocrx_word' id='word_1_159' title='bbox 1929 1603 1995 1635; x_wconf 88' lang='lat' dir='ltr'><strong>ne</strong></span> 
     </span>
     <span class='ocr_line' id='line_1_23' title="bbox 442 1650 1992 1714; baseline 0.004 -18"><span class='ocrx_word' id='word_1_160' title='bbox 442 1651 575 1698; x_wconf 80' lang='lat' dir='ltr'><strong>vires</strong></span> <span class='ocrx_word' id='word_1_161' title='bbox 598 1661 908 1714; x_wconf 85' lang='lat' dir='ltr'><strong>spargerent,</strong></span> <span class='ocrx_word' id='word_1_162' title='bbox 953 1651 1007 1698; x_wconf 87' lang='lat' dir='ltr'><strong>in</strong></span> <span class='ocrx_word' id='word_1_163' title='bbox 1047 1650 1348 1698; x_wconf 87' lang='lat' dir='ltr'><strong>interiorem</strong></span> <span class='ocrx_word' id='word_1_164' title='bbox 1385 1651 1573 1698; x_wconf 88' lang='lat' dir='ltr'><strong>urbem</strong></span> <span class='ocrx_word' id='word_1_165' title='bbox 1606 1665 1992 1714; x_wconf 84' lang='lat' dir='ltr'><strong>concesserant,</strong></span> 
     </span>
     <span class='ocr_line' id='line_1_24' title="bbox 444 1715 1990 1784; baseline 0.005 -22"><span class='ocrx_word' id='word_1_166' title='bbox 444 1718 696 1765; x_wconf 79' lang='lat' dir='ltr'><strong>auxilium</strong></span> <span class='ocrx_word' id='word_1_167' title='bbox 717 1735 949 1778; x_wconf 86' lang='lat' dir='ltr'><strong>suorum,</strong></span> <span class='ocrx_word' id='word_1_168' title='bbox 970 1716 1114 1782; x_wconf 90' lang='lat' dir='ltr'><strong>quod</strong></span> <span class='ocrx_word' id='word_1_169' title='bbox 1136 1715 1275 1766; x_wconf 87' lang='lat' dir='ltr'><strong>haud</strong></span> <span class='ocrx_word' id='word_1_170' title='bbox 1297 1716 1480 1784; x_wconf 84' lang='lat' dir='ltr'><strong>procul</strong></span> <span class='ocrx_word' id='word_1_171' title='bbox 1510 1718 1688 1765; x_wconf 86' lang='lat' dir='ltr'><strong>abesse</strong></span> <span class='ocrx_word' id='word_1_172' title='bbox 1718 1719 1990 1782; x_wconf 82' lang='lat' dir='ltr'><strong>rebantur,</strong></span> 
     </span>
     <span class='ocr_line' id='line_1_25' title="bbox 445 1783 1990 1850; baseline 0.005 -22"><span class='ocrx_word' id='word_1_173' title='bbox 445 1784 749 1845; x_wconf 85' lang='lat' dir='ltr'><strong>opperituri.</strong></span> <span class='ocrx_word' id='word_1_174' title='bbox 804 1783 1004 1833; x_wconf 89' lang='lat' dir='ltr'><strong>Verum</strong></span> <span class='ocrx_word' id='word_1_175' title='bbox 1032 1801 1220 1834; x_wconf 85' lang='lat' dir='ltr'><strong>vanam</strong></span> <span class='ocrx_word' id='word_1_176' title='bbox 1253 1785 1683 1850; x_wconf 81' lang='lat' dir='ltr'><strong>exspectationem</strong></span> <span class='ocrx_word' id='word_1_177' title='bbox 1714 1785 1842 1842; x_wconf 79' lang='lat' dir='ltr'><strong>fecit</strong></span> <span class='ocrx_word' id='word_1_178' title='bbox 1872 1786 1990 1836; x_wconf 86' lang='lat' dir='ltr'><strong>Ma-</strong></span> 
     </span>
     <span class='ocr_line' id='line_1_26' title="bbox 447 1845 1990 1916; baseline 0.004 -20"><span class='ocrx_word' id='word_1_179' title='bbox 447 1847 720 1896; x_wconf 83' lang='lat' dir='ltr'><strong>cedonicae</strong></span> <span class='ocrx_word' id='word_1_180' title='bbox 743 1845 913 1898; x_wconf 76' lang='lat' dir='ltr'><strong>classis</strong></span> <span class='ocrx_word' id='word_1_181' title='bbox 938 1851 1204 1913; x_wconf 85' lang='lat' dir='ltr'><strong>adventus,</strong></span> <span class='ocrx_word' id='word_1_182' title='bbox 1228 1870 1358 1916; x_wconf 89' lang='lat' dir='ltr'><strong>quae</strong></span> <span class='ocrx_word' id='word_1_183' title='bbox 1379 1853 1632 1901; x_wconf 86' lang='lat' dir='ltr'><strong>Nicanore</strong></span> <span class='ocrx_word' id='word_1_184' title='bbox 1651 1850 1784 1900; x_wconf 86' lang='lat' dir='ltr'><strong>duce</strong></span> <span class='ocrx_word' id='word_1_185' title='bbox 1807 1853 1990 1902; x_wconf 85' lang='lat' dir='ltr'><strong>Laden</strong></span> 
     </span>
     <span class='ocr_line' id='line_1_27' title="bbox 448 1916 1992 1984; baseline 0.003 -20"><span class='ocrx_word' id='word_1_186' title='bbox 448 1916 675 1964; x_wconf 84' lang='lat' dir='ltr'><strong>insulam</strong></span> <span class='ocrx_word' id='word_1_187' title='bbox 694 1931 847 1979; x_wconf 87' lang='lat' dir='ltr'><strong>supra</strong></span> <span class='ocrx_word' id='word_1_188' title='bbox 868 1917 1112 1964; x_wconf 87' lang='lat' dir='ltr'><strong>Miletum</strong></span> <span class='ocrx_word' id='word_1_189' title='bbox 1142 1921 1294 1964; x_wconf 77' lang='lat' dir='ltr'><strong>sitam</strong></span> <span class='ocrx_word' id='word_1_190' title='bbox 1319 1919 1611 1984; x_wconf 84' lang='lat' dir='ltr'><strong>occupavit:</strong></span> <span class='ocrx_word' id='word_1_191' title='bbox 1655 1918 1844 1968; x_wconf 85' lang='lat' dir='ltr'><strong>deinde</strong></span> <span class='ocrx_word' id='word_1_192' title='bbox 1866 1935 1992 1969; x_wconf 89' lang='lat' dir='ltr'><strong>cum</strong></span> 
     </span>
     <span class='ocr_line' id='line_1_28' title="bbox 450 1981 1993 2050; baseline 0.005 -18"><span class='ocrx_word' id='word_1_193' title='bbox 450 1985 557 2032; x_wconf 81' lang='lat' dir='ltr'><strong>iam</strong></span> <span class='ocrx_word' id='word_1_194' title='bbox 592 1982 821 2032; x_wconf 88' lang='lat' dir='ltr'><strong>hostium</strong></span> <span class='ocrx_word' id='word_1_195' title='bbox 862 1982 1033 2031; x_wconf 90' lang='lat' dir='ltr'><strong>classis</strong></span> <span class='ocrx_word' id='word_1_196' title='bbox 1081 1981 1148 2031; x_wconf 89' lang='lat' dir='ltr'><strong>ad</strong></span> <span class='ocrx_word' id='word_1_197' title='bbox 1187 1983 1423 2050; x_wconf 81' lang='lat' dir='ltr'><strong>Mycalen</strong></span> <span class='ocrx_word' id='word_1_198' title='bbox 1461 1996 1702 2034; x_wconf 86' lang='lat' dir='ltr'><strong>montem</strong></span> <span class='ocrx_word' id='word_1_199' title='bbox 1738 1985 1993 2040; x_wconf 72' lang='lat' dir='ltr'><strong>haereret.</strong></span> 
     </span>
     <span class='ocr_line' id='line_1_29' title="bbox 441 2045 1995 2118; baseline 0.003 -18"><span class='ocrx_word' id='word_1_200' title='bbox 441 2053 627 2118; x_wconf 76' lang='lat' dir='ltr'><strong>ipsum</strong></span> <span class='ocrx_word' id='word_1_201' title='bbox 664 2050 993 2100; x_wconf 86' lang='lat' dir='ltr'><strong>Milesiorum</strong></span> <span class='ocrx_word' id='word_1_202' title='bbox 1042 2061 1256 2116; x_wconf 84' lang='lat' dir='ltr'><strong>portum</strong></span> <span class='ocrx_word' id='word_1_203' title='bbox 1309 2053 1534 2116; x_wconf 84' lang='lat' dir='ltr'><strong>ingressa</strong></span> <span class='ocrx_word' id='word_1_204' title='bbox 1571 2051 1766 2102; x_wconf 74' lang='lat' dir='ltr'><strong>Persici</strong></span> <span class='ocrx_word' id='word_1_205' title='bbox 1811 2045 1995 2105; x_wconf 81' lang='lat' dir='ltr'><strong>auxilii</strong></span> 
     </span>
     <span class='ocr_line' id='line_1_30' title="bbox 448 2118 1996 2187; baseline 0.004 -21"><span class='ocrx_word' id='word_1_206' title='bbox 448 2135 597 2184; x_wconf 88' lang='lat' dir='ltr'><strong>spem</strong></span> <span class='ocrx_word' id='word_1_207' title='bbox 618 2119 887 2186; x_wconf 86' lang='lat' dir='ltr'><strong>oppidanis</strong></span> <span class='ocrx_word' id='word_1_208' title='bbox 910 2119 1117 2168; x_wconf 87' lang='lat' dir='ltr'><strong>ademit.</strong></span> <span class='ocrx_word' id='word_1_209' title='bbox 1189 2118 1368 2184; x_wconf 88' lang='lat' dir='ltr'><strong>Neque</strong></span> <span class='ocrx_word' id='word_1_210' title='bbox 1389 2119 1734 2187; x_wconf 87' lang='lat' dir='ltr'><strong>prohibebant</strong></span> <span class='ocrx_word' id='word_1_211' title='bbox 1763 2122 1996 2187; x_wconf 83' lang='lat' dir='ltr'><strong>barbari,</strong></span> 
     </span>
     <span class='ocr_line' id='line_1_31' title="bbox 448 2187 1997 2258; baseline 0.005 -26"><span class='ocrx_word' id='word_1_212' title='bbox 448 2202 766 2250; x_wconf 85' lang='lat' dir='ltr'><strong>quamquam</strong></span> <span class='ocrx_word' id='word_1_213' title='bbox 786 2205 1005 2237; x_wconf 87' lang='lat' dir='ltr'><strong>numero</strong></span> <span class='ocrx_word' id='word_1_214' title='bbox 1026 2187 1236 2236; x_wconf 80' lang='lat' dir='ltr'><strong>navium</strong></span> <span class='ocrx_word' id='word_1_215' title='bbox 1257 2189 1411 2252; x_wconf 82' lang='lat' dir='ltr'><strong>longe</strong></span> <span class='ocrx_word' id='word_1_216' title='bbox 1431 2199 1770 2254; x_wconf 84' lang='lat' dir='ltr'><strong>praestarent:</strong></span> <span class='ocrx_word' id='word_1_217' title='bbox 1793 2192 1997 2258; x_wconf 81' lang='lat' dir='ltr'><strong>quippe</strong></span> 
     </span>
     <span class='ocr_line' id='line_1_32' title="bbox 376 2251 1994 2324; baseline 0.006 -25"><span class='ocrx_word' id='word_1_218' title='bbox 376 2317 385 2324; x_wconf 93' lang='lat'><strong>.</strong></span> <span class='ocrx_word' id='word_1_219' title='bbox 445 2251 621 2317; x_wconf 82' lang='lat' dir='ltr'><strong>paullo</strong></span> <span class='ocrx_word' id='word_1_220' title='bbox 662 2254 835 2302; x_wconf 81' lang='lat' dir='ltr'><strong>minus</strong></span> <span class='ocrx_word' id='word_1_221' title='bbox 872 2253 1262 2322; x_wconf 66' lang='lat' dir='ltr'><strong>&#39;quadringentis</strong></span> <span class='ocrx_word' id='word_1_222' title='bbox 1301 2253 1571 2317; x_wconf 86' lang='lat' dir='ltr'><strong>habebant,</strong></span> <span class='ocrx_word' id='word_1_223' title='bbox 1614 2273 1738 2304; x_wconf 89' lang='lat' dir='ltr'><strong>cum</strong></span> <span class='ocrx_word' id='word_1_224' title='bbox 1757 2257 1994 2308; x_wconf 81' lang='lat' dir='ltr'><strong>Nicanor</strong></span> 
     </span>
     <span class='ocr_line' id='line_1_33' title="bbox 445 2323 1992 2388; baseline 0.005 -21"><span class='ocrx_word' id='word_1_225' title='bbox 445 2331 649 2368; x_wconf 86' lang='lat' dir='ltr'><strong>tantum</strong></span> <span class='ocrx_word' id='word_1_226' title='bbox 679 2323 937 2384; x_wconf 83' lang='lat' dir='ltr'><strong>sexaginta</strong></span> <span class='ocrx_word' id='word_1_227' title='bbox 960 2339 1115 2388; x_wconf 83' lang='lat' dir='ltr'><strong>supra</strong></span> <span class='ocrx_word' id='word_1_228' title='bbox 1153 2335 1361 2372; x_wconf 86' lang='lat' dir='ltr'><strong>centum</strong></span> <span class='ocrx_word' id='word_1_229' title='bbox 1401 2323 1713 2372; x_wconf 85' lang='lat' dir='ltr'><strong>adduxisset.</strong></span> <span class='ocrx_word' id='word_1_230' title='bbox 1782 2323 1992 2376; x_wconf 79' lang='lat' dir='ltr'><strong>Interea</strong></span> 
     </span>
     <span class='ocr_line' id='line_1_34' title="bbox 447 2386 1992 2456; baseline 0.005 -20"><span class='ocrx_word' id='word_1_231' title='bbox 447 2386 780 2454; x_wconf 75' lang='lat' dir='ltr'><strong>Glaucippu8‚</strong></span> <span class='ocrx_word' id='word_1_232' title='bbox 810 2389 1044 2456; x_wconf 86' lang='lat' dir='ltr'><strong>princeps</strong></span> <span class='ocrx_word' id='word_1_233' title='bbox 1068 2390 1296 2450; x_wconf 81' lang='lat' dir='ltr'><strong>civitatis,</strong></span> <span class='ocrx_word' id='word_1_234' title='bbox 1318 2390 1380 2438; x_wconf 87' lang='lat' dir='ltr'><strong>ad</strong></span> <span class='ocrx_word' id='word_1_235' title='bbox 1397 2388 1756 2440; x_wconf 87' lang='lat' dir='ltr'><strong>Alexandrum</strong></span> <span class='ocrx_word' id='word_1_236' title='bbox 1773 2394 1992 2456; x_wconf 75' lang='lat' dir='ltr'><strong>missus,</strong></span> 
     </span>
     <span class='ocr_line' id='line_1_35' title="bbox 443 2454 1991 2530; baseline 0.005 -26"><span class='ocrx_word' id='word_1_237' title='bbox 443 2455 604 2520; x_wconf 84' lang='lat' dir='ltr'><strong>petito</strong></span> <span class='ocrx_word' id='word_1_238' title='bbox 617 2492 631 2517; x_wconf 94' lang='lat'><strong>,</strong></span> <span class='ocrx_word' id='word_1_239' title='bbox 671 2464 734 2504; x_wconf 82' lang='lat' dir='ltr'><strong>ut</strong></span> <span class='ocrx_word' id='word_1_240' title='bbox 752 2454 939 2505; x_wconf 83' lang='lat' dir='ltr'><strong>urbem</strong></span> <span class='ocrx_word' id='word_1_241' title='bbox 958 2465 1018 2504; x_wconf 81' lang='lat' dir='ltr'><strong>et</strong></span> <span class='ocrx_word' id='word_1_242' title='bbox 1035 2465 1242 2524; x_wconf 66' lang='lat' dir='ltr'><strong>portu-s·</strong></span> <span class='ocrx_word' id='word_1_243' title='bbox 1262 2457 1657 2508; x_wconf 73' lang='lat' dir='ltr'><strong>Macedonibus</strong></span> <span class='ocrx_word' id='word_1_244' title='bbox 1675 2458 1991 2530; x_wconf 73' lang='lat' dir='ltr'><strong>Persisque</strong></span> 
     </span>
     <span class='ocr_line' id='line_1_36' title="bbox 447 2527 1988 2590; baseline 0.007 -22"><span class='ocrx_word' id='word_1_245' title='bbox 447 2537 756 2572; x_wconf 76' lang='lat' dir='ltr'><strong>communes</strong></span> <span class='ocrx_word' id='word_1_246' title='bbox 779 2540 901 2572; x_wconf 74' lang='lat' dir='ltr'><strong>esse</strong></span> <span class='ocrx_word' id='word_1_247' title='bbox 913 2533 1238 2587; x_wconf 79' lang='lat' dir='ltr'><strong>pateretur,</strong></span> <span class='ocrx_word' id='word_1_248' title='bbox 1278 2527 1422 2574; x_wconf 82' lang='lat' dir='ltr'><strong>triste</strong></span> <span class='ocrx_word' id='word_1_249' title='bbox 1453 2541 1762 2590; x_wconf 76' lang='lat' dir='ltr'><strong>responstun</strong></span> <span class='ocrx_word' id='word_1_250' title='bbox 1781 2531 1988 2578; x_wconf 87' lang='lat' dir='ltr'><strong>retule-</strong></span> 
     </span>
     <span class='ocr_line' id='line_1_37' title="bbox 446 2589 1987 2664; baseline 0.008 -32"><span class='ocrx_word' id='word_1_251' title='bbox 446 2597 539 2648; x_wconf 85' lang='lat' dir='ltr'><strong>rat,</strong></span> <span class='ocrx_word' id='word_1_252' title='bbox 578 2591 701 2638; x_wconf 83' lang='lat' dir='ltr'><strong>Non</strong></span> <span class='ocrx_word' id='word_1_253' title='bbox 730 2607 790 2638; x_wconf 75' lang='lat' dir='ltr'><strong>se</strong></span> <span class='ocrx_word' id='word_1_254' title='bbox 811 2589 1032 2640; x_wconf 75' lang='lat' dir='ltr'><strong>venisse</strong></span> <span class='ocrx_word' id='word_1_255' title='bbox 1065 2591 1125 2639; x_wconf 84' lang='lat' dir='ltr'><strong>in</strong></span> <span class='ocrx_word' id='word_1_256' title='bbox 1149 2591 1356 2652; x_wconf 71' lang='lat' dir='ltr'><strong>Asiam,</strong></span> <span class='ocrx_word' id='word_1_257' title='bbox 1399 2602 1462 2658; x_wconf 66' lang='lat' dir='ltr'><strong>ut</strong></span> <span class='ocrx_word' id='word_1_258' title='bbox 1490 2592 1786 2656; x_wconf 75' lang='lat' dir='ltr'><strong>acciperet,</strong></span> <span class='ocrx_word' id='word_1_259' title='bbox 1833 2593 1987 2664; x_wconf 79' lang='lat' dir='ltr'><strong>quod</strong></span> 
     </span>
    </p>
   </div>
  </div>
 </body>
</html>
