2084 3009
603 77 934 136 Lmen
1000 34 1164 151 v1.'s
1292 102 1296 106 -
1515 86 1610 140 151

94 185 329 232 Tenaces
349 180 537 247 quippe
560 178 857 247 disciplinae
877 198 1023 243 suae,
1082 180 1368 246 solitosque
1386 198 1540 251 parco
1561 198 1618 231 ac

94 249 316 299 ‚arabili
334 250 472 299 victu
492 247 837 315 adimplenda
872 260 1082 297 naturae
1113 246 1362 297 desideria
1392 248 1617 313 defungi,

95 338 131 367 n
182 316 462 383 peregrina
491 327 541 365 et
560 315 879 365 devictarum
898 316 1132 380 gentium
1149 316 1286 363 mala
1325 316 1617 381 impulerat·
1638 335 1644 339 ·

95 386 224 433 {inc
245 383 453 449 saepius
474 392 795 447 comparatae
815 384 867 430 in
892 394 1042 447 caput
1063 382 1169 431 eius
1191 381 1426 431 insidiae:
1447 400 1616 433 seces-

96 453 151 500 io
178 450 450 511 militum,
512 460 562 499 et
580 449 793 497 liberior
811 450 944 497 inter
964 460 1168 498 mutuas
1188 450 1420 515 querelas
1439 448 1616 499 dolor:

94 520 247 581 psius
270 515 463 566 deinde
481 534 621 565 nunc
642 518 715 563 ira
731 550 746 577 ,
765 532 903 564 nunc
921 516 1262 581 suspiciones,
1284 532 1408 579 quas
1429 517 1613 565 excita-

94 598 172 639 )at
199 586 533 633 inconsultus
567 600 753 651 pavor:
812 594 1078 648 ceteraque
1091 618 1099 630 .
1112 582 1190 631 his
1220 583 1432 644 similia,
1491 599 1618 645 quae

94 650 279 702 leinde
301 649 556 699 dicentur.
656 648 820 714 Igitur
849 667 969 698 cum
989 649 1357 715 intempestivis
1379 650 1618 699 conviviis

94 721 197 769 lies
216 718 414 784 pariter
433 730 711 781 noctesque
734 729 1084 778 consumeret3
1133 718 1414 766 satietatem
1434 717 1618 785 epula-

94 800 209 835 um
230 782 373 833 ludis
393 784 761 851 interpolabat:
782 800 889 842 non
912 794 1180 832 contentus
1201 784 1467 846 artificum,
1489 800 1618 848 quos

94 872 105 901 e
134 852 359 901 Graecia
382 853 699 913 excitaverat,
719 852 869 900 turba
886 870 899 911 3
942 852 1133 917 quippe
1155 851 1376 917 captivae
1397 850 1620 900 femina-

94 936 212 968 ·um
232 918 543 968 iubebantur
562 935 662 968 suo
683 918 795 967 ritu
816 928 1040 979 canere,
1099 918 1424 967 inconditum
1445 929 1495 967 et
1524 918 1618 967 ab·

95 1002 310 1035 xorrens
330 987 611 1052 peregrinis
632 986 1086 1035 auribusxcarmen.
1153 984 1296 1033 Inter
1315 1002 1440 1049 quas
1460 1000 1618 1033 unam

94 1070 183 1101 rex
202 1053 315 1119 ipse
337 1054 600 1120 conspexit
617 1054 951 1102 moestiorem
981 1068 1138 1117 quam
1159 1063 1405 1111 ceteram
1421 1052 1619 1117 produ-

94 1120 326 1179 2entibu‘s
348 1136 462 1169 eam
480 1120 765 1170 verecunde
784 1123 1144 1169 reluctantem.
1211 1118 1488 1168 Excellens
1513 1124 1638 1169 e'ra't.

94 1188 293 1247 forma,
332 1198 385 1234 et
402 1187 625 1235 sormam
642 1187 812 1253 pudor
835 1188 1162 1237 honestabat:
1203 1184 1422 1236 deiectis·
1433 1188 1486 1235 iu
1505 1196 1616 1235 ter-'-

94 1268 213 1299 ram
232 1251 397 1299 oculis
410 1287 425 1313 ‚
446 1262 495 1299 et
506 1262 791 1315 ‚quantum
808 1254 1018 1313 licebat,
1041 1270 1130 1301 ore
1145 1254 1314 1301 velato
1328 1288 1343 1315 ‚
1363 1254 1628 1318 suspicioe'

94 1334 221 1367 uem
241 1318 481 1383 praebuit
498 1318 629 1380 regi,
687 1318 999 1365 nobiliorem
1018 1334 1154 1377 esse,
1211 1336 1369 1380 quam
1398 1332 1458 1367 ut
1485 1321 1618 1373 inter

94 1385 389 1433 convivales
411 1382 561 1433 ludos
583 1383 793 1433 deberet
814 1383 1031 1432 ostendi.
1107 1384 1270 1445 -Ergo
1290 1385 1616 1446 interrogata,

94 1467 373 1521 quaenam
394 1448 590 1500 esset?
643 1450 881 1515 Neptem
908 1466 968 1498 se
1006 1448 1169 1507 Ochi,
1207 1448 1306 1517 qui
1331 1464 1505 1515 nuper
1518 1466 1618 1499 re-

94 1526 331 1588 gnasset
350 1517 409 1567 in
429 1515 789 1585 Persis-,filio
811 1518 933 1567 eius
948 1516 1208 1586 genitam
1227 1532 1378 1576 esse,
1398 1534 1620 1581 respon-

94 1588 186 1635 lit:
210 1600 435 1636 uxorem
446 1584 747 1653 Hystaspis
754 1582 969 1653 fuisse.
1024 1583 1352 1652 Propinquus
1373 1584 1456 1633 hic
1473 1584 1616 1635 Darii

94 1654 271 1715 suerat,
290 1654 470 1717 magni
490 1653 663 1718 etipse
684 1654 933 1703 exercitus
943 1664 1164 1717 praetor.
1213 1651 1400 1701 Adhuc
1423 1652 1477 1699 in
1496 1652 1613 1701 ani-

94 1737 175 1767 no
215 1737 272 1768 re
310 1721 349 1767 is
389 1731 567 1768 tenues
605 1720 850 1783 reliquiae
887 1720 1090 1784 pristini
1127 1720 1288 1768 moris
1321 1718 1612 1778 haerebant.

94 1788 264 1851 [taque
276 1736 546 1835 {ortanam
565 1786 701 1850 regia
730 1786 886 1850 stirpe
906 1787 1100 1849 genitae
1119 1823 1134 1849 ‚
1191 1790 1241 1846 et
1269 1798 1378 1835 tam
1409 1787 1608 1840 celebre

96 1871 279 1905 iomen
296 1853 544 1903 reveritus
558 1890 572 1915 ,
613 1868 727 1901 non
746 1852 955 1902 dimitti
972 1852 1128 1902 modo
1148 1852 1455 1920 captivam,
1504 1852 1612 1902 sed

94 1919 261 1971 etiam
284 1918 513 1969 restitui
528 1920 582 1969 ei
598 1937 734 1969 suas
754 1936 887 1987 opes
907 1922 1072 1969 iussit:
1091 1921 1268 1971 virum
1325 1937 1500 1988 uoque
1522 1936 1609 1969 re-

94 1986 273 2055 quiri,
306 1994 371 2035 ut
390 1997 607 2052 reperto
630 1988 917 2055 coniugem
936 1988 1208 2037 redderet.
1319 2000 1490 2035 ostero
1511 2003 1608 2035 au-

94 2067 197 2103 tem
219 2052 301 2101 die
320 2056 580 2120 praecepit
597 2054 963 2119 Hephaestioni
976 2090 990 2114 ,
1048 2062 1110 2103 ut
1132 2070 1316 2103 omnes·
1336 2051 1588 2120 captivos

94 2123 149 2171 in
168 2120 387 2189 regiam
407 2118 623 2170 iuberet
639 2120 857 2170 adduci.
942 2120 1050 2170 Ubi
1068 2122 1390 2185 singulorum
1409 2120 1608 2169 nobili—
1661 2133 1675 2146 Χ

94 2200 189 2238 tate
211 2197 432 2255 spectata
445 2224 459 2249 ,
500 2190 712 2238 secrevit
730 2206 759 2237 a
776 2189 957 2251 vulgo,
992 2204 1218 2253 quorum
1239 2189 1496 2240 eminebat
1514 2202 1608 2251 ge·-

94 2272 205 2305 nus.
268 2254 464 2303 Decem
484 2253 537 2303 hi
558 2256 789 2304 fuerunt:
810 2256 941 2303 inter
960 2263 1090 2319 quo's
1108 2267 1339 2321 repertus
1359 2266 1438 2304 est
1459 2252 1608 2303 Oxa-

94 2321 225 2371 thres
263 2321 408 2371 Darii
443 2321 614 2385 frater,
653 2338 763 2371 non
802 2321 941 2369 illius
975 2322 1198 2383 fortuna,
1238 2338 1394 2387 quam
1428 2320 1605 2371 indole

94 2390 249 2437 animi
288 2390 370 2437 sui
408 2390 612 2439 clarior.
657 2398 666 2403 “
705 2388 809 2437 Sex
848 2400 899 2435 et
947 2389 1121 2452 viginti
1155 2390 1321 2437 millia
1355 2385 1606 2437 talentum
1667 2448 1670 2450 Α

96 2456 322 2517 proxima
340 2454 529 2522 praeda
547 2453 754 2504 redacta
775 2465 941 2503 erant:
1000 2472 1027 2503 e
1050 2454 1163 2519 quis
1185 2454 1460 2504 duodecim
1477 2452 1607 2500 mil-

99 2519 164 2568 lia
199 2520 250 2572 in
282 2522 600 2587 congiarium
628 2522 861 2573 militum
886 2521 1120 2571 absumta
1149 2532 1288 2571 sunt.
1353 2518 1454 2567 Par
1486 2516 1606 2565 huic
