2084 3009
643 198 983 275 LIBER
1048 198 1151 251 VI.
1554 206 1658 267 175

122 320 236 371 qne
256 300 550 363 credidere,
569 294 846 351 tormentis'
864 296 1163 350 subtrahere
1183 302 1409 367 cupiens.
1444 302 1549 355 Sed
1568 323 1660 358 nex

115 370 479 427 :manum—eius
501 366 748 430 inhibuit,
789 368 1013 418 dicendi
1020 366 1189 434 prius
1214 368 1438 421 causam
1458 371 1661 423 debere

115 437 256 509 fieri
266 443 607 503 potestatem
623 452 744 494 reo,
794 452 895 485 nec
915 435 1086 485 aliter
1102 434 1344 487 iudicari
1352 454 1657 504 passurum

120 523 209 565 se,
233 506 511 554 affirmans.
580 504 722 553 Tum
742 502 910 553 dicere
929 505 1098 554 iussus
1119 503 1348 553 Philotas
1367 542 1381 567 ,
1404 507 1507 555 sive
1528 525 1657 557 con-

123 573 344 624 scientia
373 571 606 632 sceleris,
644 572 748 619 sive
781 571 998 637 periculi
1014 571 1370 635 magnitudine
1402 589 1578 623 amens
1608 586 1661 624 et

123 640 404 700 attonitus,
444 655 549 687 non
569 639 801 687 attollere
823 640 1002 688 oculos
1015 675 1030 699 ,
1084 656 1190 687 non
1210 637 1404 689 hiscere
1423 639 1659 691 audebat„

123 707 383 757 Lacrimis
403 704 586 755 deinde
604 706 944 768 manantibus,
963 706 1229 771 linquente
1251 708 1424 758 animo
1444 709 1498 757 in
1520 725 1658 771 eum,

123 793 158 825 ι
176 791 282 841 quo
303 773 599 834 tenebatur,
633 773 892 833 incubuit3
943 774 1283 839 abstersisque
1304 776 1527 825 amiculo
1548 777 1657 827 eius
1728 790 1733 797 ’

123 843 302 892 oculis
314 877 330 901 ,
349 840 620 907 paullatim
638 840 888 905 recipiens
907 841 1151 905 spiritum
1169 856 1226 889 ac
1244 859 1425 891 vocem
1437 879 1452 904 ,
1486 842 1659 893 dictu-

121 926 215 960 rus
241 908 525 958 videbatur.
559 906 771 971 Iamque
790 924 898 966 rex,
917 907 1123 955 intuens
1144 924 1281 969 eum,
1302 908 1657 970 Macedones,

103 978 310 1043 ,inquig
332 971 397 1025 de
418 983 473 1023 te
493 972 796 1024 iudicaturi
813 982 972 1022 sunt:
1033 989 1221 1032 uaero,
1246 990 1319 1023 an
1334 976 1523 1041 patrio
1542 990 1659 1025 ser·

119 1058 280 1095 mone
301 1042 384 1091 sie
404 1040 561 1107 apud
577 1051 671 1091 eo&
691 1057 895 1091 usurus
917 1038 949 1087 P
1028 1057 1121 1088 um
1141 1037 1365 1090 Philotas
1378 1078 1392 1104 ‚
1414 1043 1656 1092 Praeter

118 1110 488 1167 Macedonas,
508 1109 698 1173 inquit,
716 1106 968 1176 plerique
991 1107 1231 1169 adsunt,
1256 1125 1391 1177 quos
1400 1108 1655 1175 facilius,

117 1196 263 1246 quae
285 1177 491 1238 dicam,
505 1184 874 1242 percepturos
895 1174 1153 1237 arbitror,
1176 1176 1232 1225 si
1249 1176 1440 1227 eadem
1458 1177 1657 1246 lingua

151 1260 286 1295 uero
308 1260 470 1305 usus,
525 1260 635 1311 qua
656 1251 717 1293 tu
733 1243 923 1311 ‘egisti
933 1262 951 1291 .·
1007 1260 1117 1292 non
1148 1242 1212 1292 ob
1234 1242 1415 1303 aliud,
1472 1245 1654 1305 cred0,

157 1329 288 1363 uam
327 1318 392 1360 ut
427 1309 606 1359 oratio
642 1318 745 1359 tua
783 1309 1033 1376 intelligi
1068 1318 1266 1374 posset
1312 1327 1350 1360 a
1376 1310 1653 1377 pluribus.

171 1397 268 1430 um
287 1396 379 1428 rex
391 1414 408 1438 ,
443 1377 660 1447 Ecquid
676 1376 901 1439 videtis‘,
925 1376 1065 1424 adeo
1087 1375 1252 1424 etiam
1264 1379 1528 1426 sermonis
1536 1394 1656 1443 pa-

118 1448 224 1500 trin
247 1444 518 1497 Philotam
538 1442 808 1505 taedere?
877 1441 1027 1493 solue
1048 1440 1254 1511 quippe
1269 1440 1512 1509 fastidit
1532 1458 1656 1493 eum

119 1516 330 1567 dicere.
399 1512 512 1563 Sed
531 1512 684 1563 dicat
704 1529 868 1573 sane,
910 1519 1185 1581 utcunque
1207 1510 1365 1559 cordi
1382 1518 1503 1568 «εει,-
1528 1510 1656 1561 dum

117 1579 513 1642 memineritis,
535 1597 707 1651 aeque
727 1578 882 1629 illum
901 1595 938 1627 a
957 1586 1148 1627 nostro
1169 1594 1316 1627 more
1338 1586 1511 1650 atque
1532 1592 1655 1633 eer-
1706 1590 1711 1601 ¹

117 1666 285 1702 mone
307 1646 619 1697 abhorrere.
661 1643 831 1712 Atque
852 1647 920 1695 ita
941 1647 1185 1695 concione
1216 1647 1447 1696 excessit.

227 1713 382 1766 CAP.
413 1714 484 1765 X.
549 1714 690 1763 Tum
708 1714 932 1763 Philotas
945 1750 960 1775 ,
999 1711 1184 1762 Verba
1194 1747 1211 1771 ,
1250 1714 1442 1778 inquit,
1493 1712 1657 1766 inno·-

118 1784 271 1835 centi
289 1782 536 1849 reperire
541 1778 726 1850 facile
747 1789 834 1830 est
844 1800 870 1838 ,0
922 1780 1138 1829 moclum
1156 1779 1439 1830 verborum
1458 1782 1655 1847 misero
1716 1822 1723 1833 ,

115 1861 314 1903 tenere
341 1846 587 1914 difficile.
690 1848 893 1916 Itaque
915 1847 1064 1897 inter
1084 1848 1347 1913 optimam
1366 1849 1655 1898 conscien-

116 1920 282 1977 tiam,
303 1925 362 1967 et
379 1914 780 1984 iniquissimam
785 1914 1079 1981 fortunam
1098 1915 1428 1976 destitutus,
1456 1915 1653 1982 ignoro

115 1984 389 2057 quomodo
409 1992 466 2033 et
485 1984 668 2033 animo
689 2000 823 2043 meo,
846 1990 905 2031 et
930 1982 1166 2047 tempori
1175 1998 1431 2049 paream.
1471 1980 1653 2031 Abest

155 2052 344 2104 uidem
363 2051 600 2129 optimue
632 2066 842 2099 causae
873 2066 1026 2099 meae
1060 2048 1223 2098 iudex
1237 2068 1255 2097 .·
1319 2047 1417 2116 qui
1446 2064 1546 2097 cur
1564 2064 1649 2097 me
1715 2057 1725 2064 “

112 2138 242 2189 tpse
265 2118 461 2167 audere
480 2115 732 2175 noluerit,
755 2133 866 2167 non
884 2114 1185 2166 mehercule
1206 2115 1463 2183 excogito
1476 2135 1496 2171 ;
1527 2130 1651 2167 cum

113 2187 204 2239 illi
223 2186 500 2254 utrimque
521 2184 750 2253 cognita
763 2200 938 2233 causa
951 2192 1066 2234 tam
1078 2182 1344 2231 damnare
1362 2200 1445 2232 me
1468 2181 1647 2242 liceat,

114 2271 287 2325 quam
306 2250 626 2309 absolvere,-
675 2268 788 2301 non
807 2250 1036 2319 cognita
1055 2266 1185 2299 vero
1204 2247 1434 2299 liberari
1455 2248 1525 2300 ab
1546 2248 1651 2299 cab-⁶

112 2330 277 2373 cente
295 2336 409 2371 non
418 2335 646 2385 possum
656 2353 673 2378 ‚
695 2319 794 2387 qui
815 2335 852 2367 a
863 2325 1169 2383 praesente
1191 2315 1484 2369 damnatus
1506 2334 1647 2368 sum·

115 2389 229 2439 Sed
247 2402 579 2459 quamquam
597 2386 777 2437 vincti
794 2384 1030 2435 hominis
1052 2400 1163 2435 non
1184 2398 1532 2449 supervacua
1552 2400 1647 2433 eo-

114 2454 254 2517 lum,
295 2454 400 2505 sed
419 2453 590 2504 etiam
608 2452 796 2505 invisa
817 2450 1068 2521 defensio
1088 2460 1203 2510 est,
1248 2467 1390 2520 quae
1410 2450 1647 2500 iudicem

112 2540 228 2573 non
247 2522 442 2573 docere
460 2520 709 2578 videtur,
731 2519 834 2569 sed
848 2535 1093 2587 arguere
1106 2540 1129 2579 ,0
1169 2527 1353 2570 tamen
1375 2527 1645 2585 utcunque

109 2588 250 2641 licet
268 2589 471 2646 dicere,
493 2596 688 2637 memet
707 2588 826 2655 ipsse
847 2602 956 2636 non
976 2585 1245 2646 deseram,
1268 2602 1369 2635 nec
1395 2584 1665 2648 commit—1

108 2666 260 2717 tam,
302 2663 366 2707 ut
393 2655 693 2708 damnatus
733 2653 903 2705 etiam
937 2668 1063 2702 mea
1096 2650 1383 2701 ‘sententia
1420 2649 1640 2701 videar.
