2084 3009
358 179 462 238 428
746 173 791 224 1.
846 173 1500 226 FREmSHEMu

360 279 427 330 ad
439 275 735 328 Incendium
751 279 1188 338 concurrentibus,
1204 275 1391 327 cumbi
1408 277 1742 341 exstinguere
1758 281 1930 330 flam-

360 363 471 396 mas
512 355 831 405 conarentur,
872 345 951 392 illi
992 355 1248 408 augerent,
1291 356 1342 391 et
1369 344 1777 410 prohibentibus
1803 349 1930 398 vim

359 417 683 473 intentarent,
714 429 826 460 acre
845 414 1107 478 proelium
1125 421 1364 461 coortum
1387 423 1484 460 est.
1537 412 1758 478 Quippe
1780 413 1919 464 Ma-

362 481 584 530 cedones
619 479 801 529 robore
838 481 1039 529 virtutis
1082 490 1131 528 et
1168 477 1494 528 assuetudine
1537 479 1920 545 periculorum

360 550 514 612 longe
534 558 842 613 praestantes
863 547 1115 607 hostibus,
1155 562 1372 594 numero
1391 558 1747 611 apparatuque
1770 547 1920 599 Per-

360 629 539 664 sarum
558 615 894 677 urgebantur:
936 625 987 662 et
1006 615 1128 678 quia
1146 610 1283 662 haud
1304 615 1490 676 procul
1507 615 1674 662 muris
1700 631 1791 662 res
1815 631 1921 678 ge-

360 683 583 741 rebatur,
621 682 840 728 ballistis
882 682 1245 744 catapultisque
1275 696 1368 742 per
1399 682 1607 729 moenia
1638 679 1919 747 dispositis

362 750 562 798 eminus
598 747 833 812 impetiti,
873 747 1035 794 inulta
1076 747 1286 794 vulnera
1325 746 1659 809 accipiebant.
1729 747 1922 800 Atrox

362 816 497 864 inter
514 814 639 862 haec
658 815 897 877 utrinque
918 813 1144 874 clamor,
1181 809 1503 861 hortantium
1539 831 1680 875 suos,
1723 817 1919 866 inere-

359 883 597 948 pantium
617 880 880 940 adversos3
916 891 1034 927 tum
1055 880 1350 928 sauciorum
1374 891 1425 926 et
1443 881 1794 935 morientium
1815 901 1917 948 ge-

360 951 537 1010 mitus,
568 950 702 997 inter
724 959 996 996 nocturnas
1016 948 1254 996 tenebras
1279 947 1451 994 omnia
1474 957 1670 997 terrore
1689 953 1916 1000 tumul-

359 1028 520 1080 tuque
540 1017 901 1079 impleverant:
942 1016 1261 1077 augebantur
1293 1012 1416 1061 haec
1453 1015 1669 1064 vocibus
1704 1029 1914 1067 ceterae

360 1081 725 1138 multitudinis,
768 1099 896 1144 quae
926 1081 1057 1129 dum
1089 1082 1175 1129 alii
1203 1091 1452 1144 pugnant,
1499 1083 1644 1147 operi
1686 1083 1914 1147 intenta,

363 1150 539 1209 muris,
582 1148 668 1210 qui
690 1148 844 1210 pulsu
864 1148 1222 1195 machinarum
1241 1159 1555 1210 corruerant,
1596 1151 1910 1214 reparandis

364 1214 723 1280 occupabatur.
780 1213 1019 1262 Tandem
1058 1213 1222 1262 acrius
1255 1212 1428 1262 adnisi
1448 1213 1766 1267 Macedones
1801 1218 1910 1268 ho-

363 1295 496 1332 stem
516 1283 648 1330 intra
667 1281 870 1329 moenia
888 1281 1217 1346 redegerunt,
1242 1291 1449 1330 centum
1475 1285 1804 1348 septuaginta
1825 1286 1908 1336 in-

366 1350 603 1410 terfectis,
626 1350 757 1398 inter
779 1366 905 1413 quos
928 1360 979 1398 et
1002 1349 1392 1414 Neoptolemus,
1416 1349 1505 1412 qui
1527 1367 1647 1398 cum
1667 1349 1908 1417 Amynta

367 1418 525 1466 fratre
550 1417 616 1466 ad
644 1415 861 1464 Darium
891 1416 1198 1482 perfugerat,
1236 1415 1491 1464 occubuit.
1547 1415 1905 1470 Macedonum
1947 1419 1952 1427 '

364 1501 473 1533 non
494 1483 707 1549 quidem
724 1484 857 1532 ultra
875 1483 1098 1532 sedecim
1117 1483 1402 1549 perierunt3
1442 1481 1534 1531 sed
1554 1487 1772 1534 trecenti
1792 1487 1907 1535 fer·-

364 1567 450 1599 me
471 1552 723 1602 vulnerati
743 1564 875 1611 sunt,
907 1553 1026 1615 quia
1045 1563 1296 1600 nocturna
1314 1565 1482 1614 pugna
1504 1551 1684 1612 fuerat,
1724 1567 1902 1616 neque

366 1614 605 1668 adversus
638 1635 813 1668 caecos
844 1620 975 1666 ictus
1014 1629 1065 1666 et
1091 1615 1368 1666 incidentia
1396 1628 1589 1669 temere
1612 1619 1715 1667 tela
1735 1620 1904 1683 quid-

364 1701 523 1750 quam
562 1687 681 1736 satis
720 1684 979 1750 provideri
1016 1696 1272 1752 potuerat.
1323 1683 1446 1734 Post
1477 1685 1676 1749 aliquot
1707 1685 1904 1737 deindo

363 1752 473 1800 dies
494 1752 618 1800 levis
642 1765 692 1801 et
712 1752 909 1801 ludicra
928 1770 1010 1803 res
1032 1754 1228 1818 ingenti
1242 1751 1508 1801 certamini
1521 1769 1728 1802 causam
1738 1771 1900 1819 prae-

362 1819 489 1875 buit,
514 1819 787 1866 ortoinitio
803 1838 832 1868 a
854 1819 1060 1868 duobus
1079 1821 1328 1870 veteranis
1350 1837 1413 1868 ex
1429 1817 1702 1869 Perdiccae
1723 1822 1894 1883 agmi-

360 1903 445 1936 ne.
478 1884 523 1933 Ii
542 1883 933 1933 contubernales
956 1903 1078 1932 cum
1099 1897 1282 1944 essent,
1309 1902 1517 1949 -unaque
1539 1887 1690 1948 genio
1712 1886 1891 1934 indul-

360 1954 559 2009 sissent,
590 1963 650 2000 ut
667 1952 722 1999 fit
742 1953 873 2000 inter
894 1967 1157 2000 sermones
1179 1951 1469 2011 familiares,
1491 1952 1727 2002 iactantia
1746 1954 1891 2002 mm-

358 2021 457 2069 tari
480 2038 571 2070 sua
590 2021 744 2068 fortia
762 2019 893 2068 facta
910 2019 1140 2068 vicissim
1161 2019 1476 2081 extollentes,
1509 2021 1741 2070 altercari
1762 2037 1886 2070 coe-

360 2098 564 2153 perant,
602 2098 721 2135 uter
760 2089 907 2137 alteri
944 2087 1307 2145 anteferretur-3
1357 2101 1478 2137 cum
1516 2088 1647 2135 alter
1686 2104 1884 2150 eorum,

301 2171 309 2174 ·
362 2154 497 2222 quid
513 2153 675 2202 inani
701 2154 940 2218 strepitu
959 2151 1254 2202 verborum
1281 2150 1584 2218 foedamus
1605 2152 1886 2204 honestis-

362 2221 553 2272 cimam
571 2219 1013 2270 contentionem?
1053 2221 1238 2284 inquit.
1293 2221 1418 2268 Non
1439 2221 1534 2268 cui
1547 2220 1762 2289 lingua,
1785 2223 1886 2274 sed

334 2304 339 2308 ·
360 2288 457 2339 cui
474 2287 676 2336 dextra
697 2287 773 2334 xit
793 2287 994 2348 melior,
1014 2286 1115 2336 hoc
1136 2286 1348 2354 agitur.
1405 2287 1482 2334 Et
1518 2287 1678 2336 adest
1717 2305 1882 2338 occa-

359 2355 474 2405 cio.-
514 2369 585 2403 ea
605 2353 807 2420 optime
826 2353 895 2402 de
934 2353 1324 2407 controvers-iis
1339 2354 1566 2405 nostris
1596 2355 1882 2406 iudicabit.

358 2425 501 2491 Age,
523 2422 574 2470 .ςί
592 2421 677 2470 νίν
698 2437 769 2482 es,
790 2429 1083 2470 exeuntem
1097 2435 1346 2488 sequere.
1380 2419 1514 2470 Vino
1537 2433 1586 2471 et
1602 2422 1883 2473 ambitione

360 2489 703 2550 incaluerant3
742 2489 913 2553 itaque
941 2489 1140 2553 privato
1174 2489 1387 2536 consilio
1409 2506 1550 2538 arma
1573 2490 1791 2553 capiunt,
1832 2503 1883 2542 et

359 2555 427 2604 ad
444 2573 621 2604 muros
642 2557 783 2604 iuxta
803 2572 989 2615 arcem,
1032 2573 1162 2619 quae
1183 2554 1420 2621 Mylassis
1441 2558 1654 2606 obversa
1675 2567 1764 2616 est,
1787 2575 1873 2606 ex-

360 2631 585 2668 currunt.
632 2617 840 2670 Horum
877 2623 1162 2671 temeritate
1187 2622 1568 2695 animadversa,
1607 2623 1778 2673 statim
1816 2642 1878 2676 ex
