2084 3009
403 180 512 245 274
933 177 1002 242 Q.
1071 171 1404 238 cvssru

405 281 631 349 Sophitis
651 289 957 346 perventum
979 287 1070 326 est.
1137 275 1306 337 Gens,
1345 285 1408 323 ut
1429 271 1650 334 barbari,
1687 271 1948 336 ‘sapientia

404 349 622 408 excellit,
634 347 889 410 bonisque
897 344 1129 393 moribus
1149 344 1360 406 regitur.
1381 341 1596 391 Genitos
1613 337 1812 387 libcros
1826 354 1950 390 non

404 426 676 484 parentum
696 414 901 462 arbitrio
922 410 1114 461 tollunt
1125 411 1400 474 aluntque3
1421 407 1512 458 sed
1533 419 1728 466 eorum,
1751 405 1951 469 quibus
1967 417 1977 427 ⁸

404 481 665 549 spectandi
705 480 980 528 infantium
1018 479 1256 526 habitum
1295 494 1416 524 cura
1445 473 1688 523 mandata
1717 483 1812 520 est.
1885 471 1948 520 Si

405 567 533 614 quos
554 549 777 612 insignes
798 558 884 596 aut
902 547 1074 610 aliqua
1092 545 1452 592 membrorum
1468 552 1610 607 parte
1630 539 1837 588 inutiles
1848 555 1948 587 no-

407 626 663 680 taverunt,
682 615 851 662 necari
870 615 1066 662 iubent.
1093 612 1300 676 Nuptiis
1320 614 1531 671 coeunt,
1549 625 1658 658 non
1677 622 1866 670 genere
1886 621 1950 654 ac

406 676 674 732 nobilitate
694 681 994 740 coniunctis,
1007 677 1100 728 sed
1113 680 1278 727 electa
1300 693 1578 742 corporum
1601 673 1798 738 spec-ie3
1821 671 1950 736 quia

406 747 589 798 eadem
610 749 901 796 aestimatur
929 747 984 794 in
1014 746 1209 794 liberis.
1275 743 1440 792 Huius
1473 743 1638 806 gentis
1671 738 1948 804 oppidum,

407 815 488 862 cui
504 811 795 862 Alexander
813 812 1112 868 admoverat
1129 813 1300 877 copias
1313 847 1327 873 ‚
1369 811 1433 860 ab
1465 811 1589 876 ipso
1604 806 1822 872 Sophite
1845 806 1950 854 ob·-

407 882 680 930 tinebattir.
748 878 977 929 Clausae*
1002 891 1145 928 erant
1161 889 1367 945 portae3
1406 877 1500 926 sed
1529 875 1750 925 nulli-iu
1777 873 1951 920 muris

406 949 737 1013 turribusque
750 965 803 996 se
822 948 1003 999 armati
1020 946 1382 996 ostendebant:
1403 944 1810 1004 dubitabantque
1833 938 1954 988 Ma-

408 1014 653 1075 cedones,
692 1014 1099 1064 deseruissentne
1131 1015 1320 1062 urbem
1338 1013 1562 1072 incolae,
1605 1026 1670 1058 an
1691 1005 1876 1057 fraude
1897 1021 1953 1055 se

409 1085 731 1142 occulerent3
772 1097 919 1139 cum,
960 1081 1133 1128 subito
1163 1079 1414 1146 patefacta
1444 1083 1592 1142 porta
1605 1111 1621 1140 ,
1658 1090 1752 1123 rex
1781 1072 1953 1122 Indus

408 1162 527 1195 cum
546 1146 751 1193 duobus
772 1145 959 1192 adult-is
978 1146 1095 1192 fili-Is
1117 1145 1366 1204 occurrit,
1403 1145 1636 1195 multum
1669 1143 1805 1190 inter
1825 1156 1954 1188 om·-

405 1229 495 1262 nes
517 1212 759 1262 barbaros
782 1213 1015 1260 eminens
1034 1214 1266 1276 corporis
1287 1212 1472 1277 specie.
1499 1209 1670 1260 Vestis
1692 1217 1800 1255 erat
1821 1223 1952 1255 auro

362 1325 373 1336 ,
408 1295 737 1345 purpuraque
754 1278 1015 1341 distincta,
1038 1296 1170 1345 quae
1191 1281 1348 1328 etiam.
1367 1295 1512 1326 crura
1530 1275 1758 1324 velabat:
1779 1273 1954 1322 aureis

410 1348 562 1396 soleis
600 1347 880 1405 inseruerat
917 1364 1175 1412 gemmas:
1215 1347 1395 1395 lacerti
1425 1359 1631 1409 quoque
1658 1352 1710 1390 et
1740 1339 1957 1392 brachia

410 1415 691 1477 margaritis
713 1427 1066 1471 ornataerant.
1095 1413 1394 1463 Pendebant
1414 1429 1477 1462 ex
1495 1409 1705 1458 auribus
1728 1407 1956 1471 insignes

412 1480 633 1528 candore
650 1493 707 1529 et
723 1481 1076 1545 magnitudine
1094 1482 1278 1546 lapilli.
1345 1479 1596 1527 Baculum
1615 1491 1836 1524 aureum
1854 1474 1958 1522 be·-

412 1549 533 1614 rylli
566 1545 966 1611 distinguebant:
1024 1565 1128 1612 quo
1148 1546 1337 1596 tradito
1357 1557 1618 1608 precatus,
1663 1549 1726 1590 ut
1759 1556 1957 1606 sospes

413 1612 709 1678 acczperet,
732 1632 785 1660 se
805 1614 1096 1674 liberosque
1119 1620 1170 1657 et
1189 1622 1562 1674 gentem-suam
1584 1608 1800 1656 dedidit.
1839 1608 1958 1656 No·-

410 1677 539 1726 biles
561 1678 627 1726 ad
644 1677 941 1727 venandum
970 1692 1121 1725 canes
1150 1677 1205 1724 in
1226 1694 1282 1724 ea
1311 1677 1521 1740 regione
1549 1686 1694 1724 sunt:
1733 1673 1959 1724 latratu

411 1743 698 1793 ‚abstinere
740 1745 981 1792 dicuntur
994 1780 1007 1804 ,
1059 1759 1181 1792 oum
1201 1764 1206 1768 ·
1225 1741 1434 1792 videre.
1449 1739 1661 1808 feram,
1715 1741 1961 1792 leonibus

417 1811 637 1858 maxime
656 1809 845 1857 infesti.
900 1810 1104 1858 Horum
1121 1811 1230 1859 vim
1251 1820 1308 1858 ut
1325 1808 1617 1858 ostenderet
1635 1807 1960 1870 Alexandro,

406 1877 467 1926 -in
486 1887 759 1940 conspectu
777 1877 985 1923 leonem
1002 1877 1218 1939 eximiae
1229 1875 1600 1938 magnitudinis
1614 1877 1760 1924 iussit
1773 1876 1960 1938 emitti,

406 1955 466 1993 et
484 1958 543 1991 xv
564 1943 777 1991 omnino
803 1940 1068 1990 admoveri
1087 1959 1236 1990 canes
1249 1979 1262 2003 ,
1306 1943 1396 2007 qui
1416 1944 1649 1992 celeriter
1669 1959 1961 2008 occupave-

413 2021 537 2060 runt
554 2009 742 2070 feram3
782 2025 903 2056 cum
923 2025 985 2058 ex
1007 2010 1085 2070 iis,
1118 2009 1207 2074 qui
1227 2008 1566 2059 adsueverant
1584 2011 1774 2058 talibus
1793 2008 1961 2058 mini-

413 2077 581 2124 steriis
596 2111 611 2136 ,
650 2094 783 2126 unus
798 2113 813 2137 ‚
854 2077 987 2124 canis
1026 2077 1170 2124 leoni
1208 2094 1329 2126 cum
1366 2078 1480 2126 aliis
1510 2075 1820 2126 inhaerentis
1844 2092 1963 2125 crus

418 2141 651 2204 avellere,
678 2152 746 2203 et,
766 2143 885 2207 quia
904 2160 1012 2191 non
1036 2145 1356 2207 sequebatur,
1381 2144 1518 2192 ferro
1543 2155 1812 2208 amputare
1835 2159 1958 2192 coe·-

414 2207 519 2272 pit:
538 2222 633 2256 nec
654 2210 729 2256 sic
748 2209 965 2274 quidem
985 2212 1262 2274 pertinacia
1280 2212 1411 2259 victa
1423 2247 1438 2272 ,
1458 2227 1634 2259 rursus
1655 2209 1816 2258 aliam
1836 2227 1966 2276 par—

419 2283 527 2321 tem
547 2289 714 2324 secare
736 2276 947 2338 institit3
973 2289 1024 2326 et
1043 2268 1229 2325 deinde
1251 2295 1358 2326 non
1381 2278 1583 2342 segnius
1605 2276 1966 2328 inhaerentem

420 2338 555 2386 ferro
575 2339 792 2390 subinde
814 2343 1068 2392 caedebat.
1087 2343 1184 2392 Ille
1201 2344 1257 2392 in
1280 2345 1486 2392 vulnere
1498 2344 1634 2392 ferae
1649 2341 1829 2392 dentes
1840 2361 1967 2392 mo-

418 2405 675 2457 ribundus
696 2425 901 2474 quoque
921 2411 1164 2458 infixerat.
1220 2411 1458 2458 Tantam
1477 2411 1543 2470 in=
1557 2408 1672 2460 illis
1693 2409 1968 2461 animali-

424 2469 526 2522 hus
547 2473 624 2523 ad
642 2475 957 2524 venandum
988 2475 1344 2541 cupiditatem
1377 2477 1748 2546 ingenerasse
1777 2467 1967 2527 natic-

422 2542 840 2591 rani·memoriae
861 2540 1126 2605 proditum
1147 2555 1247 2600 εει,
1263 2544 1520 2608 Equidem
1532 2544 1688 2608 plura
1707 2545 1970 2595 transcri-

422 2601 491 2650 ΒΟ
502 2638 520 2664 ‚
538 2623 697 2670 quam
717 2607 895 2658 credo:
916 2624 1039 2656 nam
1058 2626 1154 2658 nec
1173 2611 1428 2679 affirmare
1450 2610 1706 2672 sustineo,
1749 2609 1818 2661 de
1841 2613 1973 2678 qui-

688 2717 691 2720 Α
994 2721 1003 2744 ἱ
1219 2679 1289 2742 3·-
1425 2701 1442 2712 ,

1243 2733 1293 2794 *lie
