2084 3009
393 146 415 155 ,
476 108 580 164 252
813 56 818 63 ’
1017 98 1087 164 Q.
1156 90 1501 147 <zv-arn

475 206 666 272 qnippe
688 201 1020 250 aestimantur
1039 207 1379 313 purgamenta
1398 194 1681 245 aestuantis
1704 192 1839 245 freti
1846 196 2025 262 pretio,

476 270 619 337 quod
637 268 802 318 libido
823 268 1100 317 constituit.
1198 265 1345 329 genia
1362 263 1647 311 hominum
1664 262 2027 329 sicutuhique,
2071 292 2072 295 =

475 337 615 404 apud
632 339 750 385 illos
771 337 1010 384 Iocorum
1031 348 1239 398 quoq-ue
1260 332 1389 379 situs
1412 330 1623 379 format.
1678 328 1938 395 Corpora
1956 349 2035 379 us·

477 422 578 473 que
610 404 768 470 pedes
789 403 998 451 carbaso
1016 401 1213 449 velant:
1258 396 1413 447 soleis
1435 396 1621 481 pedgs,
1664 399 1847 461 capita
1868 399 2034 447 linteis

479 473 726 524 vinciunt.
790 469 980 535 Lapilli
999 483 1065 515 ex
1082 464 1291 516 auribus
1310 464 1569 529 pendent3
1591 464 1815 513 brachia
1828 482 2037 530 quoque

481 551 532 589 et
550 541 766 589 lacertos
788 554 913 585 auro
935 536 1135 595 colunt,
1158 533 1343 599 quibus
1360 532 1493 580 inter
1514 532 1805 596 populares
1830 545 1925 582 aut
1941 550 2041 582 no·-

481 607 653 657 bilitas
685 616 774 653 aut
803 620 926 669 opes
956 604 1205 651 eminent.
1270 597 1535 663 Capillum
1566 610 1793 662 pectunt
1817 602 2041 665 saepius,

483 688 642 739 quam
669 670 906 719 tondent.
971 668 1215 718 Mentum
1245 681 1448 729 semper
1464 664 1739 713 intonsum
1762 677 1873 715 est:
1913 669 2041 715 reli-

482 755 640 805 quam
659 739 763 787 oris
785 748 960 785 cutem
979 735 1045 784 ad
1065 734 1291 801 speciem
1308 732 1559 781 laevitatis
1583 745 1901 797 exaequant.
1945 734 2041 783 Re-

384 815 401 825 ·
481 822 608 871 gum
625 816 798 855 tamen
818 804 1049 863 luxuria,
1081 816 1242 867 quam
1258 800 1361 864 ipsi
1380 799 1841 863 magnificentiam
1860 802 2041 867 appel-

482 874 619 939 lant,
651 888 808 937 supra
829 870 1069 919 omnium
1088 869 1319 933 gentium
1337 866 1477 915 vitia.
1546 864 1695 915 Cum.
1712 885 1817 917 rex
1834 884 1847 899 ‘
1866 889 1925 922 se
1956 906 1969 918 .
1988 869 2035 916 in

483 940 696 1007 publico
748 938 975 1003 conspici
1021 938 1211 1002 patitur
1224 970 1239 995 ,
1277 932 1545 983 thuribula
1583 946 1839 998 argentea
1878 937 2035 984 mini-

485 1008 576 1058 stri
607 1007 804 1067 ferunt,
841 1016 1114 1069 totumque
1135 1004 1256 1063 iter,
1295 1018 1389 1067 per
1408 998 1553 1065 quod
1574 1001 1705 1049 ferri
1744 1001 2036 1063 destinavit,

487 1073 734 1122 odoribus
756 1072 1036 1135 complent.
1090 1071 1265 1119 Aurea
1283 1068 1460 1117 lectica
1480 1070 1784 1131 margaritis
1810 1070 2038 1119 circum-

484 1138 828 1204 pendentibus
859 1138 1095 1187 recubat:
1137 1136 1379 1186 distincta
1410 1146 1531 1183 sunt
1562 1142 1693 1184 auro
1728 1148 1785 1185 et
1807 1152 2038 1203 purpura

487 1205 720 1265 carbasa,
751 1220 880 1269 quae
890 1202 1113 1253 ‘indutus
1134 1214 1239 1253 est:
1276 1202 1515 1252 lecticam
1533 1215 1835 1267 sequuntur
1856 1204 2041 1253 armati
2076 1236 2078 1269 Ι

491 1272 824 1338 corporisque
853 1270 1115 1321 custodes:
1154 1272 1291 1319 inter
1310 1286 1443 1334 quos
1460 1270 1621 1322 ramis
1642 1288 1767 1321 aves
1789 1272 2041 1337 pendent,
2076 1312 2078 1315 Α

491 1356 616 1408 quas
643 1350 795 1387 cantu
823 1339 964 1388 seriis
993 1340 1151 1388 rebus
1182 1337 1477 1403 obstrepere
1497 1336 1817 1388 docuerunt.
1888 1340 2041 1403 Regia

490 1418 688 1457 auratas
699 1407 968 1457 columnas
980 1405 1159 1456 habet:
1176 1416 1309 1455 totas
1333 1411 1417 1452 eas
1429 1405 1545 1453 vitis
1556 1422 1687 1453 auro
1700 1407 1906 1457 caelata
1920 1424 2041 1473 per-

490 1477 666 1535 currit,
687 1476 977 1539 aviumque,
989 1489 1211 1540 quarum
1220 1473 1333 1523 visu
1344 1472 1569 1521 maxime
1584 1470 1832 1535 gaudent,
1847 1491 2044 1538 argen-

489 1552 601 1590 teae
621 1542 812 1603 effigies
836 1558 992 1605 opera
1011 1540 1348 1605 distinguunt.
1382 1539 1540 1601 Regia
1552 1538 1873 1590 adeuntibus
1885 1553 2045 1606 patet,
2078 1522 2080 1585 ff

491 1624 614 1657 cum
626 1608 872 1672 capillum
883 1608 1040 1671 pectit
1056 1620 1208 1669 atque
1222 1615 1394 1655 ornat:
1414 1616 1541 1654 tunc
1549 1623 1805 1671 responsa
1815 1608 2043 1673 legatio-

489 1675 797 1737 nibus,tunc
803 1674 915 1722 iura
923 1672 1259 1740 popularibus
1271 1670 1460 1721 reddit.
1493 1671 1700 1722 Demtis
1716 1676 1901 1736 soleis,
1914 1676 2042 1724 odo-

489 1740 632 1789 ribus
661 1742 936 1789 illinuntur
967 1739 1143 1805 pedes.
1209 1740 1439 1791 Venatus
1470 1740 1731 1799 maximus
1754 1742 1916 1791 labor
1950 1754 2035 1803 est,

494 1807 693 1855 inclusa
711 1806 902 1855 vivario
923 1807 1319 1856 animalia‘inter
1335 1818 1453 1855 vota
1474 1817 1758 1871 cantusque
1778 1810 2035 1874 pellicum

483 1875 662 1938 figere.
724 1869 912 1921 Binum
929 1872 1226 1922 cubitorum
1245 1874 1454 1935 sagittae
1475 1885 1611 1934 sunt,
1634 1890 1767 1938 quas
1788 1877 2035 1925 emittunt

489 1942 688 1991 maiore
707 1940 834 1989 nixu
851 1955 1010 2003 quam
1027 1941 1229 1989 effectu.
1282 1940 1489 2005 Quippe
1510 1940 1691 2002 telum,
1712 1941 1865 1991 cuius
1888 1944 1947 1992 in
1966 1945 2035 1992 le-

491 2011 645 2058 vitate
662 2008 740 2057 vis
767 2008 934 2058 omnis
957 2019 1059 2069 est,
1088 2006 1300 2055 inhabili
1320 2006 1552 2071 pondere
1569 2019 1833 2056 oneratur.
1906 2009 2037 2059 Bre-

490 2076 634 2124 viora
661 2076 842 2123 itinera
875 2092 1007 2139 equo
1040 2074 1270 2123 conficit:
1308 2074 1517 2137 longior
1538 2072 1627 2123 ubi
1650 2074 1919 2138 expeditio
1942 2088 2034 2138 est,

491 2140 750 2207 elephanti
767 2140 962 2191 vehunt
981 2158 1219 2202 currum3
1240 2152 1290 2190 et
1310 2150 1567 2189 tant-‘uum
1588 2141 1889 2191 belluarum
1916 2160 2039 2191 cor-

491 2220 620 2273 pora
637 2218 747 2256 tota
765 2219 1042 2272 contegunt
1062 2224 1205 2258 auro.
1272 2202 1351 2255 Ac
1370 2225 1436 2255 ne
1466 2206 1595 2271 quid
1622 2207 1841 2273 perditis
1862 2210 2039 2259 mori-

490 2274 590 2323 bus
611 2273 756 2335 desit,
777 2274 970 2327 lecticis
989 2276 1155 2325 aureis
1174 2275 1421 2341 pellicum
1431 2276 1614 2339 longus
1628 2272 1761 2323 ordo
1775 2278 2035 2341 sequitur:

492 2351 787 2406 separatum
813 2358 845 2389 a
871 2344 1075 2407 reginae
1107 2342 1286 2391 ordine
1306 2357 1487 2405 agmen
1510 2353 1609 2404 est,
1630 2352 1925 2409 aequatque
1943 2344 2035 2391 lu·-

491 2408 654 2457 xuria.
721 2407 964 2457 Feminae
1005 2408 1179 2473 epulas
1213 2420 1415 2473 parant.
1486 2400 1570 2457 Ab
1612 2407 1807 2458 iisdem
1845 2410 2031 2459 vinum

491 2472 823 2535 ministratur,
841 2475 986 2522 cuius
1007 2474 1250 2525 omnibus
1270 2474 1416 2525 Indis
1434 2476 1607 2543 largus
1626 2486 1707 2524 est
1723 2492 1871 2526 usus.
1922 2475 2029 2524 Re-

439 2562 451 2571 ·
493 2553 616 2602 gem
633 2539 789 2592 ‘mero
820 2554 1109 2607 somnoque
1138 2543 1369 2610 sopitum
1394 2544 1453 2593 in
1482 2543 1781 2595 cubiculum
1810 2541 2025 2611 pelliceo
