2084 3009
413 132 420 137 ·
500 126 603 187 204
1029 118 1097 189 Q.
1166 118 1497 173 cva‘rn

505 229 705 281 consilii
735 224 1091 277 trahebantur:
1134 237 1263 289 quos
1285 222 1465 273 Bessus
1498 222 1629 287 truci
1658 222 1823 273 vultu
1846 226 2049 273 intuens

503 297 787 361 consurgit,
827 292 1067 344 manibus
1086 308 1191 341 non
1212 301 1609 358 temperaturus.
1674 288 1748 340 At
1769 292 1863 340 illi
1886 294 2051 341 simu·-

500 366 691 415 latione
715 363 906 413 omissa
925 360 1308 410 circumsistunt
1328 375 1463 420 eum,
1482 370 1528 408 et
1542 356 1727 407 stustra
1738 376 2051 425 repugnan-

501 444 610 482 tem
627 432 883 493 vinciunt3
923 428 1125 492 direpto
1150 444 1211 475 ex
1230 426 1389 493 capite
1408 427 1553 489 regni
1572 427 1799 489 insigni,
1842 428 2051 476 lacera-

501 510 656 565 taque
674 509 842 559 veste,
882 513 1039 562 quam
1057 491 1235 560 spoliis
1268 494 1420 542 occisi
1451 493 1584 557 regis
1616 493 1885 543 induerat.
1963 495 2053 543 Ille

506 568 658 617 Deos
678 566 770 615 sui
791 562 1018 613 sceleris
1039 562 1251 613 ultores
1272 559 1473 609 adesse
1505 560 1767 609 confessus
1780 598 1798 621 ,
1842 560 2053 620 adiecit,

502 650 616 683 non
635 632 815 682 Dario
837 631 1055 701 iniquos
1066 628 1251 697 fuisse
1264 666 1279 693 ,
1303 626 1569 697 quem-sic
1592 626 2047 687 ulei-merentur,-

501 700 606 750 sed
622 696 942 751 Alexandro
967 696 1237 765 propitios·
1252 731 1269 756 ,
1311 694 1475 745 cuius·
1502 694 1800 745 victoriam
1821 698 2054 761 semper

501 767 674 816 etiam
692 765 880 816 hostis'
899 764 1233 820 adiuvisset.
1299 759 1582 813 Multitudo
1614 780 1681 811 an
1711 762 2039 815 vindicatura

501 834 716 882 Bessum
737 832 890 899 fuerit
899 867 918 892 ,
961 835 1216 882 incertum
1236 842 1337 891 est3
1376 830 1473 879 nisi
1492 830 1595 891 illi,
1637 830 1728 894 qui
1750 818 2040 891 vinxerant,

501 900 657 951 iussu
671 898 984 951 Alexandri
983 897 1202 968 fecisse
1224 898 1375 964 ipsos
1388 898 1637 957 ementiti,
1658 896 1855 947 dubios
1877 896 2040 947 adhuc

501 968 661 1017 animi
689 962 1001 1017 terruissent.
1068 965 1133 1016 In
1162 982 1356 1029 equum
1384 964 1693 1028 impositum
1730 962 2040 1015 Alexandro

501 1034 742 1085 tradituri
764 1034 974 1084 ducunt·
1042 1032 1185 1083 Inter
1205 1032 1329 1081 haec
1348 1048 1463 1092 rex,
1486 1033 1676 1096 quibus
1698 1044 1915 1081 matura
1938 1043 2041 1081 erat

501 1103 704 1162 missin,
745 1102 916 1149 electis
946 1115 1117 1155 ncccc
1150 1100 1283 1160 fere,
1324 1099 1481 1163 equiti
1502 1100 1625 1149 bina
1645 1100 1851 1149 talenta
1874 1099 2039 1159 dedit3

495 1167 663 1234 pediti
693 1178 839 1215 terna
873 1165 1141 1216 denarium
1160 1167 1325 1215 millia
1339 1183 1359 1223 z,
1388 1167 1723 1231 monitosque
1748 1176 1822 1216 ut
1840 1164 2041 1217 liberos

497 1242 864 1303 generarent,
909 1234 1109 1283 remisit
1132 1232 1367 1283 domum.
1436 1232 1631 1282 Ceteris
1653 1236 1857 1297 gratiae
1883 1247 2060 1299 actae„

502 1300 645 1367 quod
665 1300 745 1349 ad
763 1299 975 1369 reliqua
997 1299 1127 1350 belli
1143 1309 1463 1351 navaturos
1476 1317 1699 1367 operam
1719 1302 2035 1366 pollice-ban·
2059 1300 2060 1307 ’

504 1381 607 1419 tur.
676 1366 855 1433 [Tum
886 1369 1071 1418 Bessus
1100 1366 1447 1435 perducitur.]
1517 1366 1845 1417 Perventum
1866 1372 2037 1419 eratin

500 1438 782 1503 parvulum
821 1435 1100 1502 oppidum;
1139 1434 1453 1485 Branchidae
1494 1435 1601 1485 eius
1640 1436 1855 1491 incolae
1889 1448 2039 1485 erant.
2061 1486 2062 1489 ,

502 1504 683 1553 Mileto
707 1504 972 1567 quondam
997 1504 1143 1551 iussu
1161 1501 1370 1561 Xerxis,
1392 1518 1513 1551 cum
1533 1520 1561 1550 c
1584 1502 1810 1551 Graecia
1832 1503 2037 1565 rediret,

501 1571 832 1627 transierant,
856 1571 976 1618 etin
997 1587 1055 1617 ea
1075 1569 1195 1618 sede
1216 1570 1572 1631 constiterant,
1611 1570 1737 1633 quia
1756 1572 2035 1636 templum,

501 1636 644 1701 quod
661 1635 960 1701 Didymeon
985 1636 1295 1699 appellatur,
1336 1636 1391 1685 in
1411 1636 1625 1700 gratiam
1644 1635 1839 1687 Xerxis
1871 1639 2035 1687 viola-

498 1714 693 1752 verant.
760 1702 935 1751 Mores
963 1702 1115 1768 patrii
1146 1702 1387 1751 nondum
1416 1704 1773 1754 exoleverantz
1814 1703 1913 1753 sed
1937 1705 2035 1752 iam

499 1764 755 1831 bilingues
795 1780 963 1829 erant,
1011 1768 1284 1834 paullatim
1321 1785 1349 1815 a
1388 1768 1674 1818 domestico
1716 1768 2033 1835 externoque

501 1850 737 1887 sermone
794 1833 1091 1900 degeneres.
1160 1833 1351 1897 Magno
1410 1835 1562 1899 igitur
1610 1836 1805 1900 gaudio
1856 1854 2033 1901 regem

501 1902 774 1967 excipiunt,
795 1902 981 1949 urbem
1004 1916 1158 1965 seque
1181 1898 1445 1951 dedentes.
1510 1900 1609 1951 Ille
1631 1902 1920 1965 Mile-reba,
1941 1902 2037 1971 qui

502 1986 539 2020 a
578 1968 844 2035 adipsum
854 1964 1179 2027 militarent,
1196 1967 1491 2018 convocari
1498 1968 1657 2019 iubet.
1668 1970 1840 2019 Vetus
1856 1970 2037 2019 odium

565 2038 697 2087 ilesii
727 2036 982 2100 gerebant
1001 2036 1056 2085 in
1085 2034 1490 2085 Branchidarum
1514 2048 1740 2100 gentem.
1807 2036 2041 2087 Proditis

505 2120 654 2167 ergo,
693 2102 808 2153 sive
840 2102 1109 2163 iniuriae,
1149 2103 1263 2152 sive
1294 2102 1529 2170 originis
1555 2102 1874 2155 meminisse
1894 2104 2037 2155 mal-

503 2168 648 2229 lent,
687 2169 914 2221 liberum
947 2170 1024 2220 -de
1056 2168 1389 2219 Branchidis
1425 2172 1680 2236 permittit
1720 2169 2037 2221 arbitrium.

505 2236 833 2289 Variantibus
862 2237 1049 2292 deinde
1080 2240 1363 2300 sententiis,
1403 2254 1465 2287 se
1496 2237 1678 2305 ipsum
1696 2239 2035 2289 considera-

506 2310 686 2353 turum
707 2304 856 2373 quod
874 2306 1136 2371 optimum
1140 2303 1314 2375 factu
1336 2314 1512 2365 ess-et„
1536 2305 1778 2355 ostendit.
1812 2306 2037 2357 Postero

506 2368 590 2417 die
643 2373 1055 2433 occurrentibus,
1117 2370 1464 2423 Branchidae
1504 2390 1691 2423 aecum
1718 2374 2035 2440 procedere

507 2436 668 2501 iuben
734 2436 968 2501 Cumque
1007 2438 1075 2488 ad
1098 2437 1283 2489 urbem
1307 2452 1519 2491 ventum
1559 2451 1717 2501 esset,
1756 2440 1876 2506 ipse
1918 2458 2035 2491 cnm

507 2504 738 2569 expedita
760 2520 915 2551 manu
936 2517 1144 2568 portam
1163 2504 1333 2555 intrat.
1432 2507 1661 2557 Phalanx
1690 2506 1919 2557 m‘oenia
1940 2524 2033 2575 op-

505 2568 628 2635 piola·
653 2569 938 2621 circumire
958 2571 1120 2636 iussa3
1162 2581 1221 2643 σιξ
1240 2574 1370 2624 dato
1395 2572 1557 2643 ‚signo
1576 2574 1821 2641 diripere
1848 2576 2036 2626 urbem
