2084 3009
616 111 952 187 LJBER
1017 111 1115 163 v1.
1524 118 1628 174 133

113 222 320 278 patrem
323 210 511 281 fuisse
532 221 810 263 auctorem
839 212 953 262 nisi
982 212 1298 274 crederent,
1355 222 1628 265 tormenta

123 296 436 349 quamquam
456 278 695 331 tolerare
712 297 819 330 non
847 289 1039 346 posset
1052 316 1068 343 ,
1138 288 1324 331 tamen
1343 297 1448 331 non
1467 296 1629 333 recu-

116 356 279 398 saret.
365 346 454 397 Illi
492 347 731 397 collocuti
768 347 913 397 satis
949 350 1258 416 quaesitum
1297 348 1476 397 videri
1487 386 1502 411 ‚
1562 349 1628 400 ad

115 430 283 479 regem
298 426 636 463 revertuntur.
704 414 807 478 Qui
831 427 1032 479 postero
1068 414 1150 465 die
1172 427 1221 464 et
1240 430 1382 486 quae
1403 414 1626 483 confes-

116 496 196 531 aas
218 489 343 531 era-t
360 480 614 531 Philotas
632 482 866 530 recitari
875 502 899 540 ,-
959 490 1018 531 et
1036 484 1215 549 ipsum
1227 519 1240 544 ‚
1289 484 1408 548 quia
1429 483 1628 547 ingredi

117 566 207 597 non
228 560 459 613 poterat,
476 550 618 597 iussit
637 546 855 616 afferri.
892 548 1084 597 Omnia
1103 561 1406 614 agnoscente
1428 549 1627 613 eodem,

113 614 402 684 Demetrius
415 652 429 675 ‚
468 616 557 679 qui
575 616 797 681 proximi
816 616 1021 665 sceleris
1036 618 1288 683 particeps
1311 634 1418 666 csse
1439 632 1628 679 argue-

112 683 272 742 batur,
292 681 617 747 producitur:
637 684 803 732 multa
824 683 1160 731 affirmatione
1173 720 1187 745 ,
1209 684 1465 749 animique
1486 685 1627 748 pari-

114 760 183 797 ter
203 749 497 809 constantia,
518 759 567 797 ct
585 750 731 798 vultu
750 750 993 810 abnuens,
1014 749 1314 817 quidquam
1331 750 1440 801 sibi
1458 752 1517 799 in
1539 767 1628 799 re-

107 832 232 885 gem
252 816 561 887 cogitatum
580 830 700 865 esse
716 850 730 875 ,
768 824 1038 867 tormenta
1057 816 1224 883 ‘etiem
1243 816 1547 881 deposcebat
1568 814 1624 867 ιή

109 884 467 949 εεηιετίρσιινη.
494 882 640 933 'Cum
660 882 882 932 Philotas
913 884 1224 933 circumlatis
1245 884 1405 931 oculis
1424 883 1625 932 incide-

108 962 181 998 ret
200 951 256 998 iu
276 950 424 998 Calin
444 948 739 1013 quemdam,
777 948 915 999 haud
936 950 1119 1015 procul
1138 960 1380 1010 stantem,
1391 950 1626 1016 propius

110 1032 225 1066 eum
244 1016 390 1065 iussit
409 1014 691 1065 accedere.
790 1016 889 1065 1110
911 1015 1206 1080 perturbato
1221 1052 1236 1078 ‚
1293 1028 1344 1065 et
1360 1027 1626 1073 recusante
1643 1050 1648 1057 ·

108 1084 316 1133 nansire
336 1082 401 1131 ad
422 1099 557 1145 eum,
569 1081 837 1147 patieris,
858 1083 1048 1147 inquit,
1069 1082 1404 1132 Demetrium
1424 1080 1628 1132 menti-

109 1152 157 1199 ri
165 1186 182 1210 ,
222 1166 533 1218 rursu-tque
552 1166 635 1200 me
654 1149 958 1199 excruciari
970 1148 1001 1196 Ρ
1033 1148 1182 1198 Calin
1199 1167 1300 1199 vox
1318 1150 1624 1214 sanguisque

111 1215 421 1266 defecerant:
444 1227 493 1263 et
510 1215 817 1264 Macedones
830 1215 1088 1265 Philotam
1104 1218 1369 1280 inquinare
1389 1217 1622 1265 innoxios

106 1283 238 1330 velle
260 1281 669 1346 suspicabantur3
726 1282 843 1344 quia
860 1298 957 1329 nec
976 1299 1005 1329 a
1023 1282 1338 1335 Nicomacho
1351 1318 1366 1343 ,
1423 1300 1518 1330 nec
1538 1283 1602 1331 ab

104 1349 219 1413 ipso
239 1347 457 1407 Philota,
478 1362 597 1394 cum
616 1356 955 1409 torqueretur,
975 1348 1268 1395 nominatus
1294 1358 1424 1395 esset
1445 1348 1623 1396 adole-

104 1430 266 1464 scens.
336 1414 443 1479 Qui
473 1424 531 1461 ut
549 1411 830 1478 praefectos
849 1414 985 1474 regis
1008 1414 1389 1461 circumstantes
1409 1428 1464 1460 se
1480 1411 1622 1474 vidit,

103 1481 440 1531 Demetrium
492 1487 551 1529 et
586 1478 939 1545 semetipsum
978 1477 1039 1527 id
1067 1476 1302 1545 facinus
1341 1478 1624 1544 cogitasse

106 1547 367 1597 confessus
388 1558 485 1596 est·
578 1545 774 1595 Omnes
796 1561 915 1609 ergo
935 1564 964 1595 a
982 1543 1292 1597 Nicomacho
1314 1545 1618 1608 nominatos,

102 1629 256 1663 more
275 1616 447 1677 patrio,
469 1612 587 1663 dato
608 1614 770 1676 signo,
790 1614 919 1661 saxis
938 1612 1238 1677 obruerunt.
1305 1611 1496 1675 Magno
1516 1629 1622 1663 non

102 1676 275 1729 modo
296 1682 490 1743 salutis,
558 1678 649 1728 sed
671 1680 822 1729 etiam
837 1681 969 1734 vitae
987 1680 1218 1745 periculo
1251 1678 1494 1728 liberatus
1515 1690 1621 1729 erat

100 1744 420 1796 Alexander:
489 1747 677 1811 quippe
696 1746 963 1797 Parmenio
986 1758 1036 1798 et
1062 1745 1312 1807 Philotas,
1367 1747 1617 1813 principes
1675 1774 1686 1783 =

100 1812 391 1863 amicorum
408 1814 509 1863 nisi
525 1814 698 1880 palam
716 1826 884 1865 sontes
897 1849 912 1876 ,
949 1811 1061 1862 sine
1091 1812 1440 1878 indignatione
1459 1815 1614 1863 totius

98 1880 355 1930 exercitus
366 1897 465 1931 non
484 1881 765 1946 potuissent
782 1880 1031 1935 damnari.
1065 1880 1241 1944 Itaque
1263 1898 1444 1944 anceps
1463 1898 1617 1944 quae·

94 1946 205 1997 stio
224 1945 321 1995 fuit
334 1963 348 1994 ε·
367 1946 489 1997 dum
506 1948 746 1997 infitiatus
764 1960 842 1997 est
859 1948 1051 1999 facinus
1063 1980 1079 2005 ,
1102 1946 1373 1996 crudeliter
1391 1944 1617 2009 torqueri

92 2011 395 2075 videbatur3
434 2026 545 2079 post
564 2014 964 2077 confessionem,
1001 2012 1228 2065 Philotas
1245 2030 1310 2065 ne
1332 2012 1615 2063 amicorum

94 2077 323 2151 quidem
349 2080 745 2133 misericordiam
762 2083 967 2133 menuit-
1583 2112 1587 2117 ·

650 2326 1066 2350 m
