2084 3009
660 168 1182 224 LIBERVI.
1577 180 1682 237 159

144 295 245 331 zue
268 274 478 329 dextrae
496 271 629 339 regis
650 270 903 335 admovit,
925 284 1163 340 precatus
1184 279 1247 322 ut
1266 279 1382 325 tam
1400 274 1498 327 diu
1518 276 1682 330 vive-

144 354 306 407 vent‚
340 344 517 395 donec
538 339 704 393 utiles
724 340 1045 391 Alexandro
1067 350 1268 391 essent.
1334 342 1442 392 Rex
1461 345 1682 411 pedibus

144 426 245 465 tter
262 414 575 480 plerumque
594 409 832 458 faciebat:
852 420 976 459 tunc
996 407 1286 459 admoveri
1303 408 1411 461 sibi
1427 420 1485 461 et
1504 414 1686 477 Artag

145 481 299 533 hazo·
312 494 479 545 equos
497 478 667 537 inssit3
705 492 771 525 ne
793 476 905 541 ipso
926 475 1238 541 ingrediente
1255 478 1473 543 pedibus
1489 517 1503 540 ‚
1525 497 1682 531 senex

145 566 287 614 equo
308 546 428 597 vehi
448 544 783 595 erubesceret.
883 543 1081 594 Deinde
1102 555 1160 593 ut
1182 556 1341 593 castra
1361 558 1484 595 sunt
1502 548 1683 612 posita,

148 618 421 674 Graecos,
442 630 572 677 quos
594 609 876 661 Artabazus
888 610 1184 673 adduxerat,
1207 614 1502 663 convocari
1517 615 1682 665 iubet:

144 696 195 734 at
216 682 307 732 illi
320 717 336 742 ,
384 679 501 729 nisi
516 676 1132 743 Lacedaemoniisfidee
1153 678 1383 729 daretur
1395 715 1412 739 ,
1467 699 1684 747 respon-

144 750 294 810 dent,
316 763 393 806 se,
432 746 569 813 quid
586 746 862 815 agendum
882 744 1211 813 ipsis-foret,
1256 746 1682 801 deliberaturos.

144 816 335 882 Legati
356 824 501 863 erant
517 813 1048 865 Lacedaemoniorum
1061 813 1204 861 missi
1226 812 1290 863 ad
1309 814 1524 865 Darium
1537 853 1550 876 ‚
1577 834 1682 883 quo

146 886 293 935 victo
331 882 709 947 applicaverant
741 898 793 929 se
828 880 1037 929 Graecis
1069 878 1306 932 mercede
1339 882 1475 946 apud
1504 883 1682 933 Persas

147 949 517 1001 militantibus.
616 948 757 1007 Rex,
816 947 1030 996 omissis
1059 946 1412 1013 sponsionum
1419 945 1684 1015 fideique

144 1013 489 1087 pignoribus
499 1014 735 1071 ‚venire
755 1030 851 1063 eos
869 1014 1043 1072 iussit,
1068 1013 1364 1083 fortunam
1384 1031 1548 1083 quam
1567 1018 1686 1083 ipse

148 1083 411 1135 dedisset
427 1078 729 1131 habituros.
796 1081 903 1130 Diu
924 1092 1242 1144 cunctantes,
1277 1084 1535 1149 plerisque
1559 1101 1686 1133 con-

148 1154 277 1204 silia
312 1148 623 1199 variantibus
638 1184 653 1209 ,
704 1148 915 1199 tandem
952 1158 1223 1201 venturos
1259 1165 1321 1200 se
1358 1151 1684 1215 pollicentur.

146 1218 227 1269 At
250 1218 589 1265 Democrates
608 1212 959 1278 Atheniensis,
980 1218 1070 1281 qui
1090 1211 1682 1273 maxim—Macedonum

150 1286 348 1352 opibus
366 1296 569 1347 semper
588 1284 875 1345 obstiterat,
928 1285 1078 1331 venia
1098 1282 1361 1347 desperata
1373 1321 1388 1346 ,
1443 1286 1685 1349 gladiose

150 1352 427 1414 transfigit.
512 1349 709 1409 Ceteri,
763 1351 898 1398 sicut
916 1350 1308 1411 constituerant,
1359 1350 1541 1399 ditioni
1559 1350 1687 1399 Ale-

148 1418 349 1472 xandri
369 1434 422 1465 se
443 1418 579 1483 ipsos
602 1418 923 1482 permittunt.
1004 1415 1158 1463 Mille
1173 1426 1231 1463 „et
1247 1431 1284 1465 D
1311 1417 1502 1465 milites
1519 1423 1686 1465 erant:

148 1497 362 1555 praeter
380 1483 475 1533 hos
498 1485 648 1547 legati
668 1482 735 1531 ad
761 1482 982 1531 Darium
1008 1482 1157 1532 missi
1189 1497 1279 1531 xc.
1383 1480 1446 1531 In
1477 1485 1688 1549 supple-
1748 1503 1764 1514 ν

148 1565 399 1605 mentum
437 1551 735 1600 distributus
772 1551 922 1599 miles
939 1568 953 1611 ;
1017 1550 1173 1599 ceteri
1211 1550 1414 1599 remissi
1453 1552 1686 1611 domum,

149 1632 363 1690 praeter
378 1618 831 1676 Lacedaemonios,
854 1633 981 1682 quos
1002 1617 1158 1667 tradi
1176 1617 1236 1667 in
1255 1618 1558 1669 custodiam
1577 1619 1689 1668 ius-

153 1692 243 1741 sit.
345 1685 654 1736 Mardorum
678 1697 785 1734 erat
804 1702 929 1749 gens
952 1686 1164 1734 confinis
1184 1686 1491 1751 Hyrcaniae,
1546 1688 1686 1736 cultu
1715 1711 1721 1715 -

152 1758 291 1809 vitae
312 1771 507 1819 aspera,
546 1764 597 1802 et
612 1753 892 1807 latrociniis
914 1753 1142 1803 adsueta.
1207 1753 1344 1803 Haec
1363 1755 1474 1808 sola
1493 1772 1591 1804 nec⁴
1607 1756 1688 1804 le·-

142 1835 312 1890 ‘gatos
332 1822 543 1870 miserat
556 1856 573 1882 ‚
590 1837 685 1869 nec
703 1819 969 1869 videbatur
988 1822 1236 1887 imperata
1254 1822 1464 1871 factura.
1509 1822 1687 1886 Itaque

155 1908 254 1943 rex
271 1888 597 1951 indignatus,
618 1889 659 1936 si
680 1905 779 1936 una
802 1904 925 1951 gens
942 1900 1122 1953 posset
1142 1882 1366 1950 efficere,
1386 1906 1450 1936 ne
1470 1890 1686 1937 invictus

158 1970 311 2019 esset,
330 1954 715 2020 impedimentis
735 1972 855 2005 cum
873 1955 1124 2021 praesidio
1144 1956 1348 2015 relictis,
1370 1956 1554 2004 invicta
1573 1970 1689 2013 ma-

154 2044 233 2076 nu
256 2024 533 2073 eomitante
552 2021 804 2087 procedit.
868 2022 1039 2071 Noctu
1061 2024 1156 2070 iter
1172 2022 1360 2069 fecerat
1374 2054 1391 2078 ,
1454 2032 1506 2069 et
1522 2020 1690 2085 prima

152 2096 275 2143 luce
298 2090 461 2139 hostis
481 2090 535 2139 in
566 2101 839 2156 conspectu
871 2098 1002 2137 erat:
1060 2088 1312 2137 tumultus
1341 2088 1504 2151 magis
1534 2102 1692 2152 quam

154 2159 425 2228 proelium
439 2157 552 2206 suit.
616 2156 887 2206 Deturbati
907 2172 970 2205 ex
991 2154 1234 2217 collibus,
1255 2171 1384 2219 quos
1406 2171 1691 2221 occupave-

155 2238 279 2278 rant
291 2263 306 2289 ,
355 2224 560 2274 barbari
580 2224 907 2289 profugiunt:
964 2221 1290 2289 proximique
1309 2222 1406 2272 vici
1425 2222 1488 2273 ab
1509 2223 1692 2273 incolis

160 2294 359 2345 deserti
380 2293 665 2357 capiuntur.
765 2290 1013 2339 Interiora
1033 2289 1258 2353 regionis
1281 2290 1388 2339 eius
1411 2288 1549 2340 haud
1569 2305 1693 2339 sane

157 2362 309 2412 adire
330 2360 441 2409 sine
461 2376 646 2423 magna
668 2359 933 2415 vexatione
968 2357 1220 2407 exercitus
1246 2368 1471 2423 poterat.⁴
1567 2356 1688 2421 Iuga

159 2428 429 2479 montium
446 2428 697 2491 praealtae
718 2428 1150 2492 silvaerupesque
1171 2424 1334 2475 inviae
1355 2426 1584 2492 sepiunt:
1616 2438 1691 2483 ea,

162 2514 297 2563 quae
318 2496 473 2562 plena
494 2506 617 2543 sunt
630 2530 645 2555 ,
670 2510 803 2542 novo
824 2494 1131 2545 munimenti
1151 2508 1334 2558 genere
1355 2488 1690 2556 impedierant

162 2562 401 2614 barbari?
491 2558 716 2611 Arbores
738 2561 923 2610 densae
946 2572 1066 2611 sunt
1083 2578 1148 2609 ex
1176 2558 1431 2608 industria
1451 2556 1690 2618 consitae,

166 2648 393 2695 quarum
411 2641 614 2679 teneros
636 2628 801 2677 adhuc
820 2644 991 2677 ramos
1010 2643 1169 2676 manu
1187 2628 1422 2674 flectunt.
1458 2638 1586 2670 auos
1607 2622 1688 2669 in-
