2084 3009
416 30 520 85 230
843 21 1014 87 wQ.
1082 18 1407 71 CVR‘rll

415 126 612 176 intenti.
632 119 924 175 Alexander
953 135 1097 187 rapta
1115 122 1294 172 lancea
1326 137 1386 171 ex
1408 122 1653 173 manibus
1688 123 1971 187 armigeri,

413 192 610 245 Clitum
627 190 800 241 adbuc
819 192 1002 243 eadem
1031 192 1235 255 linguae
1266 189 1667 255 intemperantia
1692 192 1971 252 furentem

414 270 674 327 percutere
698 272 934 321 conatus,
957 279 986 311 a
1005 258 1307 308 Ptolemaeo
1329 268 1381 303 et
1406 255 1651 307 Perdicca
1670 258 1971 308 inhibetur.

366 362 370 367 ·
412 326 649 378 Medium
683 328 936 393 complexi
967 340 1016 377 et
1043 324 1297 375 obluctari
1318 338 1747 389 perseverantem
1778 341 1957 375 mora-

346 1722 370 1733 κ

411 397 622 445 bantur:
644 394 995 459 Lysi-machus,
1018 407 1069 444 et
1078 394 1371 441 Leonnatus
1392 396 1549 441 etiam
1566 393 1809 442 lanceam
1836 395 1973 442 abs-

413 464 654 513 tulerant.
687 463 783 511 Ille
805 464 1033 512 militum
1051 460 1209 510 fidem
1234 460 1541 525 implorans,
1586 458 1971 527 comprehen-

415 530 475 579 di
495 547 555 579 se
572 548 609 581 a
620 529 890 595 proximis
914 530 1255 586 amicorum„
1279 526 1429 595 quod
1446 526 1634 577 Dario
1656 544 1835 596 nuper
1858 545 1971 580 ac-

415 597 658 655 cidisset,
681 600 956 659 exclamat3
995 596 1321 667 signumque
1346 592 1483 643 tuba
1506 596 1656 653 dari,
1678 604 1744 645 ut
1763 594 1844 645 ad
1865 612 1967 647 re-

413 664 566 733 giam
586 666 790 715 armati
809 665 1022 715 coirent
1032 685 1057 724 ,-
1082 666 1239 714 iubet.
1308 662 1450 711 Tum
1470 681 1596 713 vero
1618 662 1962 725 Ptolemaeus

415 745 458 789 et
483 732 748 781 Perdiccas
775 734 986 797 genibus
1007 732 1237 781 advoluti
1258 741 1432 791 orant,
1472 746 1541 779 ne
1562 729 1625 779 in
1646 739 1764 780 tam
1779 747 1963 797 prae-

409 798 570 865 cipite·
587 798 676 847 ira
685 808 1032 865 perseveret,
1056 798 1403 867 spatiumque
1420 798 1616 863 potius
1634 798 1825 848 animo
1848 800 1962 849 det.

419 865 615 917 Omnia
631 872 854 933 pos‘tero
875 868 964 918 die
985 868 1188 917 iustius
1208 868 1617 933 exsecuturum.
1691 864 1801 920 Sed
1814 868 1963 916 clau-

413 952 496 984 sae
519 947 660 985 erant
677 953 824 985 aures
838 972 852 999 ,
885 936 1213 1001 obstrepente
1234 935 1325 982 ira.
1359 932 1536 998 Itaque
1556 935 1818 999 impotens
1838 936 1963 983 ani-

413 1003 491 1051 mi
508 1004 763 1066 percurrit
782 1006 836 1053 in
855 1005 1023 1067 regiae
1044 1004 1385 1062 vestibulum,
1413 1012 1477 1059 gt
1509 1002 1655 1066 vigili
1678 1002 1959 1051 excubanti

414 1070 557 1118 basta
578 1070 746 1119 ablata
767 1071 992 1119 constitit
1010 1072 1066 1119 in
1086 1071 1245 1131 aditu,
1266 1087 1369 1135 quo
1392 1086 1598 1119 necesse
1620 1081 1729 1118 erat
1752 1070 1817 1118 iis
1832 1107 1847 1128 ‚
1870 1071 1962 1135 qui

414 1136 574 1185 simul
593 1148 955 1197 coenaverant,
996 1136 1189 1201 egredi.
1257 1136 1509 1186 Abierant
1540 1138 1717 1185 ceteri.
1783 1136 1961 1187 Clitus

415 1203 628 1252 ultimus
669 1204 777 1253 sine
799 1205 1016 1254 'lumine
1058 1205 1242 1254 exibat.
1311 1205 1485 1269 Quem
1522 1220 1642 1265 rex,
1693 1202 1959 1271 quisnam

417 1268 607 1321 esset?
667 1271 964 1337 interrogat.
1033 1272 1309 1326 Eminebat
1329 1272 1479 1321 etiam
1500 1270 1557 1320 in
1574 1288 1703 1320 voce
1726 1273 1959 1335 sceleris,

415 1338 560 1405 quod
577 1340 804 1405 parabat,
826 1341 1081 1405 atrocitas.
1153 1340 1216 1388 Et
1234 1340 1325 1388 ille
1344 1341 1447 1387 iam
1467 1356 1575 1387 non
1596 1356 1737 1400 suae,
1756 1338 1855 1389 sed
1872 1358 1963 1390 re·-

414 1408 492 1473 gis
513 1408 617 1456 irae
639 1424 871 1469 memor,
933 1406 1133 1457 Clitum
1153 1421 1297 1466 eis-se,
1358 1412 1417 1454 et
1436 1405 1503 1453 de
1522 1406 1781 1456 convivio
1804 1407 1962 1459 exire

373 1475 378 1481 “
413 1474 701 1540 respondit.
805 1472 944 1525 Haec
965 1472 1185 1524 dic’en‘tis·
1198 1476 1331 1522 latus
1352 1472 1490 1522 hasta
1512 1474 1793 1531 transfixit:
1832 1493 1960 1525 -mo-

415 1544 694 1607 rientisque
716 1544 959 1607 sanguine
981 1546 1246 1607 aspersus,‘
1268 1541 1306 1588 1·
1318 1554 1479 1597 nunc,
1504 1540 1692 1607 inquit,
1714 1542 1795 1592 ad
1811 1542 1958 1593 Phi-

415 1606 641 1675 lippum,
665 1616 722 1658 et
739 1608 1166 1670 Parmenionem,
1188 1617 1245 1657 et
1260 1607 1531 1657 Attalum.

485 1675 638 1725 CAP.
668 1676 736 1726 ΙΙ.
805 1678 944 1727 Male
969 1674 1209 1725 humanis
1230 1677 1447 1741 ingeniis
1466 1687 1649 1726 natura
1671 1680 1953 1740 consuluit,

421 1742 562 1807 quod
581 1744 889 1810 plerumque
909 1763 1017 1794 non
1050 1745 1247 1806 sutura,
1287 1743 1379 1794 sed
1397 1756 1648 1793 transacta
1667 1746 1955 1811 perpendi·-

419 1826 556 1861 mus.
626 1809 833 1877 Quippe
865 1828 997 1872 rex„
1023 1813 1302 1876 postquam
1340 1813 1413 1863 ira
1443 1822 1616 1861 mente
1650 1812 1953 1878 decesserat,

419 1880 577 1931 etiam
597 1878 836 1930 ebrietate
859 1878 1109 1939 discussa,
1140 1880 1557 1941 magnitudinem
1574 1880 1821 1929 facinoris
1842 1898 1956 1933 sera

419 1947 772 2001 aestimatione
791 1946 1068 2012 perspexit.
1102 1945 1323 1996 Videbat
1344 1958 1466 1995 tunc
1486 1946 1773 1997 immodica
1792 1948 1955 1999 liber-

419 2026 521 2065 tate
547 2016 781 2075 abusum,
804 2013 896 2063 sed
914 2014 1107 2077 alioqui
1128 2016 1392 2078 egregium
1410 2015 1550 2063 bello
1571 2016 1763 2075 virum,
1784 2027 1839 2065 et
1856 2017 1952 2067 nisi

345 2082 348 2084 ’
420 2083 740 2131 erubesceret
759 2082 932 2142 fateri,
965 2091 1279 2129 servatorem
1296 2084 1373 2131 sui
1395 2082 1643 2131 occisum.
1712 2082 1953 2133 Detesta-

341 2175 352 2189 ae
421 2148 524 2196 bile
546 2148 1159 2199 carnificis-ministerium
1176 2160 1509 2214 occupaverat
1526 2164 1643 2211 ηις
1664 2150 1950 2201 verborum

419 2216 717 2277 licentiam*
731 2232 861 2281 quae
880 2218 1000 2265 vino
1021 2227 1224 2281 poterat
1242 2217 1510 2283 imputari,
1550 2216 1776 2267 nefanda
1796 2218 1949 2268 caede

418 2282 576 2331 ultus.
631 2282 875 2332 Manabat
892 2294 1002 2331 toto
1023 2285 1279 2335 vestibulo
1300 2300 1453 2343 cruor
1470 2286 1649 2348 paullo
1674 2297 1797 2333 ante
1820 2302 1949 2335 con-

417 2350 584 2398 vivae:
639 2350 822 2411 vigiles
864 2350 1065 2404 attoniti
1101 2361 1151 2400 et
1182 2352 1507 2417 stupentibus
1531 2351 1741 2401 sim-iles
1761 2354 1944 2417 procul

417 2414 646 2475 stabant,
705 2416 1102 2480 liberioremque
1130 2419 1497 2482 poenitentiam
1523 2417 1755 2467 solitudo
1777 2420 1945 2469 excie-

421 2478 521 2529 bat.
588 2482 728 2549 Ergo
759 2482 956 2531 hastam
977 2499 1040 2532 ex
1061 2500 1273 2551 corpore
1293 2486 1501 2539 iacentis
1525 2487 1757 2534 evulsam
1779 2498 1939 2535 retor-
