2084 3009
441 208 510 268 64
809 230 814 233 -
888 224 896 229 ἢ
978 206 1047 271 Q.
1116 204 1509 292 ρνΡυιτιῑς

439 308 706 381 Syracusis
727 307 782 357 id
802 307 1137 357 simulacrum
1156 304 1465 355 devexerant
1482 306 1665 370 Poeni,
1708 309 1839 360 et-in
1858 329 1986 363 ma...

437 380 548 432 iore
567 378 856 427 locaverant
875 376 1064 442 patria3
1123 376 1405 439 multisque
1426 376 1535 437 aliis
1556 376 1736 440 spoliis
1754 380 1985 431 urbium.-

439 468 469 499 ι
489 456 651 497 semet
764 456 950 505 tarum,
972 460 1078 491 non
1098 440 1458 505 Carthaginem
1474 444 1654 507 magis,
1679 462 1843 509 quam
1862 446 1983 515 Ty..

435 532 560 567 rum
637 517 642 519 ’
826 523 898 559 nt.
969 510 1127 559 Sacru
1246 526 1432 575 noque,
1454 510 1597 574 quod
1626 511 1842 575 quidem
1860 514 1980 564 Diis

437 583 562 632 min'
817 580 835 627 i
867 594 974 626 esse
996 525 1331 643 crediUn,
1395 578 1575 625 multis
1600 581 1789 629 seculis
1811 582 1983 631 inter-

435 652 602 699 missu
795 644 964 695 etendi
999 650 1230 693 auctote's
1252 638 1467 707 quidam
1486 642 1655 703 erant',
1723 656 1787 695 ut
1805 639 1982 718 ibge-

365 740 374 743 -
437 732 585 765 nuus
605 730 754 779 puer
773 716 1014 761 Saturno
1033 709 1440 761 immolaretur:
1476 712 1620 777 quod
1642 715 1983 779 sacrilegium

435 783 606 831 verilis
640 796 798 846 quam
817 796 1043 840 sacrum,
1106 777 1549 842 Carthaginienses
1572 798 1601 828 a
1619 780 1981 833 conditoribus

435 848 709 910 traditum,
729 849 894 912 usque
913 846 980 895 ad
1003 844 1261 895 excidium
1276 847 1421 895 urbis
1440 864 1561 895 suae
1581 848 1761 896 fecisse
1784 850 1982 901 dicun-

433 926 537 965 tur.
604 912 682 963 Ac
722 916 820 963 nisi
860 914 1085 963 seniores
1110 913 1444 974 obstitissent,
1504 932 1731 978 quorum
1754 920 1981 967 consilio

439 994 617 1032 cuncta
638 982 932 1047 agebantur,
969 980 1345 1028 humanitatem
1364 979 1472 1031 dira
1496 984 1791 1045 superstitio
1812 986 1980 1033 vicis-

401 1052 404 1055 ”
435 1062 533 1099 set.
601 1047 844 1098 Ceterum
868 1048 1121 1096 efficacior
1142 1048 1286 1095 omni
1308 1058 1413 1096 arte
1436 1049 1714 1097 imminens
1734 1053 1977 1101 necessi-

435 1128 510 1165 tas
524 1152 537 1176 ,
589 1134 698 1165 non
717 1116 896 1163 usitata
919 1113 1079 1162 modo
1098 1114 1379 1179 praesidia,
1420 1114 1511 1163 sed
1534 1116 1793 1179 quaedam
1814 1120 1979 1168 etiam

434 1200 570 1235 nova
591 1180 878 1229 admonuit.
916 1180 1155 1245 Namque
1176 1182 1241 1231 ad
1260 1181 1573 1246 implicanda
1594 1184 1815 1247 navigia,
1838 1201 1977 1251 quae

421 1260 615 1300 'muros
637 1250 900 1310 subibant,
913 1248 1095 1296 validis
1116 1249 1367 1297 asseribus
1389 1265 1568 1299 corvos
1586 1262 1636 1299 et
1647 1250 1839 1301 ferreas
1852 1270 1979 1303 ma·-

432 1334 530 1370 nus
553 1318 673 1365 cum
692 1316 836 1365 uncis
857 1334 916 1364 ac
935 1312 1155 1379 falcibus
1170 1316 1513 1378 illigaverant3
1570 1329 1655 1379 ut,
1710 1334 1835 1367 cum
1855 1332 1980 1369 tor-

433 1396 613 1435 mento
655 1400 848 1434 asseres
888 1383 1290 1449 promovissent,
1347 1383 1517 1432 subito
1558 1384 1737 1433 laxatis
1757 1386 1978 1449 funibus

433 1454 718 1503 iniicerent.
785 1452 922 1501 Unci
951 1460 1228 1515 quoqueet
1248 1450 1401 1499 falces
1423 1468 1486 1499 ex
1506 1450 1693 1499 iisdem
1712 1455 1978 1505 asseribus

437 1518 814 1585 dependentes,
854 1528 940 1566 aut
957 1528 1364 1583 propugnatores
1379 1552 1392 1579 ,
1430 1530 1519 1584 aut
1538 1518 1648 1583 ipsa
1667 1522 1783 1569 navi
1814 1522 1873 1570 ia
1890 1523 1980 1571 la·-

435 1586 693 1635 cerabant.
762 1583 984 1651 Clypeos
1002 1601 1124 1633 vero
1146 1586 1520 1635 aeneosmulto
1541 1587 1661 1649 igne
1680 1588 1973 1653 torrebant,

437 1668 566 1717 quos
587 1652 808 1715 repletos
831 1650 1022 1700 fervida
1036 1669 1204 1711 arena,
1246 1668 1507 1717 coenoque
1528 1652 1761 1713 decocto,
1792 1673 1821 1704 e
1840 1674 1978 1707 mu·-

433 1720 506 1768 ris
544 1718 713 1767 subito
753 1717 1107 1769 devolvebant.
1175 1719 1283 1769 Nec
1314 1720 1419 1769 ulla
1440 1722 1595 1785 pestis
1615 1722 1783 1785 magis
1803 1724 1977 1775 time-

433 1786 611 1847 batur:
670 1786 859 1850 quippe
899 1786 990 1834 ubi
1030 1786 1249 1834 loricam
1281 1803 1570 1853 corpusque
1592 1787 1793 1837 fervens
1816 1808 1975 1843 arena

431 1864 808 1919 penetraverat,
870 1870 964 1902 nec
985 1854 1093 1902 ulla
1112 1854 1161 1901 vi
1183 1854 1350 1901 excuti
1373 1865 1597 1919 poterat,
1636 1867 1688 1905 et
1707 1852 1975 1924 quidquid

433 1922 666 1989 attigerat
685 1957 699 1983 ,
767 1921 1064 1987 perurebat:
1137 1921 1475 1985 iacientesque
1500 1938 1645 1982 arma
1664 1958 1679 1985 ,
1732 1925 1971 1977 laceratis

433 1990 692 2051 omnibus,
706 1990 820 2056 quis
841 1988 1039 2053 protegi
1060 1998 1309 2051 poterant,
1330 1989 1631 2039 vulneribus
1652 1991 1805 2039 inulti
1816 2006 1971 2056 pate-

431 2056 581 2106 bant:
645 2058 786 2108 corvi
821 2072 945 2107 vero
969 2066 1019 2122 et
1037 2055 1229 2105 ferreae
1248 2072 1432 2104 manus
1454 2058 1723 2123 tormentis
1746 2060 1969 2111 emissae

431 2125 708 2189 pler-osque
743 2124 1024 2191 rapiebant.

533 2188 684 2239 CAP.
704 2191 796 2242 IV.
847 2191 946 2240 Hic
961 2208 1051 2239 rex
1071 2189 1303 2255 fatigatus
1325 2200 1567 2240 statuerat
1605 2192 1777 2242 soluta
1817 2194 1971 2245 obsi-

431 2254 586 2307 dione
606 2254 915 2324 Aegyptum
937 2250 1128 2323 petere.
1189 2258 1394 2323 Quippe
1414 2274 1536 2307 clun
1562 2255 1748 2309 Asiam
1765 2261 1968 2327 ingenti

432 2325 688 2374 celeritate
705 2326 1057 2391 percurrisset,
1082 2327 1213 2376 circa
1232 2340 1413 2373 muros
1434 2326 1589 2375 unius
1609 2328 1754 2377 urbis
1775 2327 1967 2379 haere-

428 2390 518 2441 bat
531 2428 547 2455 ,
605 2401 699 2441 tot*
714 2393 1060 2444 maximarum
1096 2408 1275 2442 rerum
1312 2394 1689 2457 opportunitate
1726 2393 1963 2446 dimissa.

433 2458 681 2510 Ceterum
699 2470 808 2508 tam
829 2458 1089 2510 discedere
1110 2460 1342 2519 irritum,
1391 2476 1549 2523 quam
1566 2462 1763 2510 morari
1782 2461 1962 2529 pude—

427 2523 544 2589 bat3
564 2527 757 2577 famam
777 2543 995 2591 quoque,
1017 2532 1119 2593 qua
1138 2528 1303 2591 plura,
1326 2542 1483 2591 quam
1494 2529 1665 2589 armis,
1688 2538 1960 2593 everterat,

429 2605 568 2643 ratus
587 2596 838 2645 leviorem
858 2594 992 2655 fore,
1033 2596 1075 2643 si
1096 2594 1319 2661 Tyrum,
1360 2593 1504 2656 quasi
1524 2606 1708 2643 testem
1728 2612 1783 2643 se
1803 2612 1959 2660 posse
1982 2612 1985 2619 ·

431 2658 578 2725 vinci,
607 2661 914 2729 reliquisset.
955 2726 960 2729 Ι
981 2659 1144 2727 Igitur
1162 2676 1228 2709 ne
1246 2658 1373 2727 quid
1392 2660 1716 2726 inexpertum
1739 2664 1959 2714 omitte-

1386 2839 1396 2846 ·
1444 2830 1455 2850 Ι
