2084 3009
632 140 1078 195 LIBERI.
1567 114 1620 205 =9

94 236 709 311 ficeretur-'Cum'omnes
730 245 959 297 occisum
978 236 1448 311 putannu‘praeda
1465 248 1625 299 amis-

90 331 151 364 sa
172 324 266 362 est.
287 312 463 377 Quam
482 316 715 378 primum
735 330 797 361 ex
815 315 1027 361 vulnere
1048 312 1332 379 convaluit,
1353 312 1446 366 diu
1469 312 1624 366 dissi-

92 380 371 431 mulatum*
388 380 591 431 bellum
622 373 1023 431 Atheniensibus
1062 381 1233 431 infert.
1284 379 1442 431 Cuius
1475 400 1624 433 causa

94 446 335 499 Thebani
356 464 413 498 se
433 448 671 510 iunxere,
690 457 1006 509 metuentes,
1036 464 1103 497 ne
1121 448 1268 497 victis
1286 446 1626 501 Atheniensi-

92 516 197 567 bus
210 550 226 579 ‚
264 514 427 568 veluti
447 515 677 566 vicinum
696 514 822 566 belli
842 512 1168 575 incendium,
1209 512 1276 565 ad
1299 532 1351 565 se
1375 516 1627 569 transiret.

92 582 235 635 Inita
255 583 493 633 societate
512 584 646 634 inter
667 582 895 633 civitates
921 582 1080 647 paulo
1113 592 1229 631 ante
1260 582 1628 647 infestissimas,

94 650 444 715 legationibus
484 660 649 700 totam
686 650 900 715 fatigant
949 648 1222 698 Graeciam
1235 685 1252 711 ,
1295 666 1630 703 communem

95 718 311 768 hostem
322 718 689 769 communibus
708 717 903 769 viribus
914 716 1354 767 summovendum
1373 730 1630 785 putantes.

97 784 376 852 Quaedam
412 785 639 836 civitates
668 796 871 846 motae,
926 780 1328 853 Atheniensibus
1363 803 1472 835 sese
1505 787 1630 837 iun-

92 864 254 919 gunt:
275 851 527 919 quasdam
546 865 721 903 autem
730 851 859 903 belli
878 863 1050 901 metus
1063 850 1130 901 ad
1146 849 1448 919 Philippum
1456 850 1632 905 traxit·

91 920 163 971 In
180 920 276 971 hac
294 936 469 987 pugna
488 919 755 987 Philippus
774 917 1137 970 Alexandrum
1155 920 1324 969 filium
1342 920 1489 971 alteri
1510 938 1628 971 cor-

94 1006 173 1039 nu
192 986 453 1055 praefecit.
477 986 578 1037 Ubi
607 987 949 1039 laudatissimi
968 986 1140 1037 herois
1163 987 1324 1037 virtus
1347 988 1648 1039 clarissime.

92 1055 327 1107 emicuit.
348 1054 537 1105 Talem
556 1057 698 1105 enim
720 1056 775 1105 in
797 1054 977 1106 eadem
1000 1071 1174 1120 pugna
1193 1072 1248 1103 se
1271 1056 1548 1121 praestitit,
1571 1066 1632 1104 ut

92 1141 208 1173 non
226 1120 439 1171 inferior
456 1135 625 1189 patre,
663 1124 827 1173 immo
850 1123 1005 1171 etiam
1022 1122 1158 1171 nulli
1178 1122 1433 1172 secundus
1465 1124 1628 1173 exsti-

91 1190 243 1239 terit:
286 1198 467 1257 postea
506 1206 713 1256 quoque
774 1206 889 1239 eam
906 1190 1175 1238 victoriam
1209 1190 1308 1239 sibi
1349 1189 1541 1240 invidia
1571 1206 1632 1239 ac

90 1255 283 1307 fraude
299 1256 461 1322 patris
481 1269 803 1323 praereptam
823 1256 976 1305 fuisse
1014 1268 1328 1321 conquestus
1349 1257 1432 1307 sit.
1464 1254 1629 1307 Com-

93 1323 261 1374 1nisso
283 1325 453 1387 itaque
474 1322 614 1387 apud
628 1323 981 1373 Chaeroneam
1005 1324 1235 1387 proelio,
1279 1324 1376 1373 etsi
1406 1322 1628 1373 Atheni·-

96 1406 251 1439 enses
271 1406 495 1437 numero
514 1388 749 1437 militum
766 1390 918 1451 longe
936 1398 1281 1451 praestarent,
1321 1407 1350 1437 a
1381 1389 1630 1439 Maccdo-

96 1457 257 1509 nibus
276 1467 478 1517 tamen,
501 1456 748 1523 continuo
770 1472 827 1503 ac
846 1451 1092 1521 diuturno
1111 1452 1340 1503 bellandi
1361 1469 1460 1505 usu
1481 1473 1631 1508 exer-n

98 1522 433 1585 citatissimis,
454 1522 747 1573 vincuntur.
767 1522 887 1571 Non
910 1532 1084 1571 autem
1103 1522 1438 1572 immemores
1448 1518 1631 1589 pristiss·

97 1608 198 1641 nae
228 1591 421 1657 gloriae
451 1588 695 1639 cecidere.
732 1588 830 1639 Hic
861 1586 968 1639 dies
1008 1589 1274 1640 universae
1316 1590 1558 1655 Graeciae
1581 1602 1632 1643 et

99 1658 326 1723 gloriam
362 1656 758 1719 dominationis,
818 1669 869 1707 et
904 1653 1308 1706 vetustissimam
1336 1658 1628 1709 libertatem

98 1725 250 1775 finiit.
289 1724 537 1776 Ceterum
568 1742 689 1774 cum
715 1724 987 1791 Philippus
1018 1740 1222 1790 semper
1255 1740 1372 1789 erga
1397 1722 1631 1775 Alexan-

99 1791 263 1843 drum
284 1794 479 1858 optime
512 1792 722 1841 affectus
758 1792 963 1850 fuisset,
998 1790 1216 1841 tandem
1255 1809 1317 1840 ex
1358 1790 1630 1857 Cleopatra

103 1876 353 1921 noverca,
374 1855 675 1924 Olympiadi
698 1854 1085 1921 superinducta,
1127 1854 1385 1907 discordia
1407 1870 1519 1908 orta
1540 1869 1628 1909 est.

104 1924 335 1977 Causam
358 1921 595 1975 adhibuit
622 1920 827 1973 Attalus
861 1924 1143 1975 avunculus
1175 1921 1500 1991 Cleopatrae:
1542 1924 1630 1991 qui

104 2010 232 2044 cum
251 1992 305 2043 in
323 1992 516 2057 nuptiis
536 1989 847 2041 Macedones
869 1988 1238 2052 exhortaretur,
1261 1988 1384 2043 deos
1407 2002 1630 2054 orarent,

103 2072 169 2111 ut
188 2056 257 2110 ad
293 2060 441 2125 regni
476 2060 857 2109 successionem
894 2057 1155 2121 legitimus
1199 2074 1261 2107 ex
1297 2054 1539 2125 Philippo
1581 2072 1633 2109 et

105 2127 385 2193 Cleopatra
417 2138 671 2177 crearetur
700 2126 870 2186 heres3
910 2123 1282 2174 excandescens
1312 2120 1626 2177 ‚Alexandert

105 2195 158 2247 Ο
180 2196 259 2245 im
291 2194 485 2245 robum
503 2194 676 2260 caput!
716 2194 910 2258 inquit,
942 2209 1038 2241 nos
1060 2209 1182 2243 vero
1203 2191 1298 2240 tibi
1317 2193 1464 2243 nothi
1482 2192 1631 2245 vide-

106 2280 231 2315 mur
303 2262 561 2327 simulque
584 2262 638 2311 in
658 2277 779 2311 eum
812 2259 1029 2309 coniecit
1049 2258 1316 2323 poculum.
1355 2258 1632 2327 Insui-gens

106 2329 230 2381 inde
251 2340 396 2395 pater
416 2340 594 2379 contra
611 2324 992 2389 Alexandrum,
1014 2326 1190 2378 stricto
1214 2343 1335 2375 eum
1397 2331 1506 2379 etiit
1525 2328 1632 2377 ser·-

106 2415 197 2459 ro;
240 2397 372 2447 ictus
392 2408 613 2460 tamen,
633 2396 965 2445 inclinatione
988 2393 1220 2461 corporis
1248 2392 1312 2444 ah
1385 2392 1652 2462 lexandro·

108 2467 355 2526 evitatus,
390 2464 556 2515 inanis
578 2462 779 2513 excidit.
800 2460 951 2512 Tunc
969 2459 1265 2511 Alexander
1286 2463 1518 2513 convitiis
1535 2478 1632 2526 pa-

110 2544 248 2583 trem
266 2530 476 2581 adortus
488 2566 503 2595 ,
542 2543 803 2597 receptam
823 2527 1194 2596 Olympiadem
1213 2540 1434 2578 matrem
1454 2542 1632 2575 secum

112 2600 166 2651 in
184 2600 410 2667 Epirum
430 2596 593 2649 duxit.
621 2600 771 2650 Eum.
792 2609 969 2647 tamen
997 2594 1293 2660 Philippus,
1333 2592 1632 2660 exprobrata
