2084 3009
693 52 953 164 Llsr:
997 95 1041 146 a
1107 95 1213 147 lx.
1610 105 1723 166 293

178 193 233 246 bi
257 193 387 246 dum
406 187 582 246 remos
603 198 763 262 aptari
788 196 1146 262 prohibebant,
1174 199 1522 253 consederant.
1581 205 1730 270 Qui-¹·

176 263 303 312 dam
322 264 974 330 enavigare'properantes,
1013 264 1107 313 sed
1127 283 1233 315 non
1265 272 1588 334 exspectatis,
1627 271 1718 336 qui
1743 255 1756 274 ⁸

175 333 337 380 simul
358 345 466 379 esse
505 331 788 392 debebant,
832 331 1011 380 clauda
1042 343 1094 380 et
1113 333 1354 383 inhabilia
1375 337 1570 402 navigia
1597 339 1718 388 lan-

174 397 334 462 guide
364 399 740 451 moliebantur:
780 397 907 448 aliae
945 400 1154 448 navium
1193 402 1494 451 inconsulte·
1513 417 1716 454 ruentes

176 483 282 514 non
303 477 633 530 receperant3
672 468 967 532 pariterque
992 477 1043 516 et
1067 468 1376 531 multitudo,
1418 479 1470 518 et
1488 472 1713 534 paucitas

172 533 475 582 festinantes
496 534 806 582 morabatur.
867 533 1080 583 Clamor
1099 535 1216 584 hinc
1237 544 1578 606 exspectare,
1601 537 1718 588 hinc

172 599 255 649 ire
279 598 591 657 iubentium,
633 600 965 667 dissonaeque
994 617 1145 652 voces
1183 620 1439 668 nusquam
1478 603 1619 652 idem
1658 621 1717 654 ac

171 682 340 716 unum
378 666 727 729 tendentium,
769 686 877 717 non
907 666 1178 718 oculorum
1206 670 1367 719 modo
1397 686 1578 733 usum,
1621 671 1715 722 sed

170 735 335 784 etiam
354 734 555 782 aurium
578 735 905 784 abstulerant.
971 737 1048 786 Ne
1073 738 1126 785 in
1147 737 1571 802 gubernatoribus
1592 741 1714 804 qui-

170 801 300 851 dem
329 799 612 865 quidquam
634 804 745 868 opis
770 813 903 862 erat,
946 819 1170 866 quorum
1199 822 1296 854 nec
1317 805 1548 854 exaudiri
1567 823 1712 856 voxa

120 909 133 916 .
170 869 610 918 tumultuantibus
624 881 837 934 poterat,
858 885 952 918 nec
964 871 1036 916 im
1077 872 1238 919 crium
1251 890 1279 919 a
1296 874 1486 920 territis
1507 873 1712 920 incom-

171 934 458 1003 positisque
480 937 685 984 servari.
742 936 881 999 Ergo
903 888 1079 985 collidi
1100 937 1230 985 inter
1249 955 1302 986 se
1320 955 1490 997 naves,
1512 939 1714 987 abster-

174 1002 391 1066 gerique
411 1003 635 1051 invicem
654 1003 811 1060 remi,
852 1013 903 1050 et
933 1005 1018 1051 alii
1051 1005 1274 1052 aliorum
1304 1003 1498 1067 navigia
1531 1019 1714 1068 urgere

176 1080 479 1134 coeperunt.
540 1069 785 1119 Crederes
809 1086 913 1118 non
936 1073 1090 1120 unius
1113 1074 1361 1120 exercitus
1384 1072 1602 1119 classem
1619 1087 1714 1120 ve-

174 1137 250 1197 hi,
295 1133 387 1184 sed
411 1135 635 1185 duorum
655 1139 831 1185 navale
852 1139 1007 1188 inisse
1031 1151 1308 1189 certamen.
1374 1138 1712 1188 Incutieban-

173 1216 263 1252 tur
282 1202 540 1268 puppibus
562 1219 772 1268 prorae3
811 1206 1176 1269 premebantur
1195 1223 1223 1254 a
1242 1205 1596 1270 sequentibus,
1621 1205 1712 1270 qui

175 1270 535 1319 antecedentes
557 1270 909 1318 turbaverant:
951 1272 1265 1336 iurgantium
1293 1273 1367 1320 ira
1385 1271 1713 1336 perveniebat

178 1337 341 1386 etiam
369 1337 434 1385 ad
467 1353 669 1385 manus.
738 1337 950 1400 Iamque
986 1349 1150 1384 aestus
1181 1348 1317 1386 totos
1351 1336 1479 1386 circa
1519 1341 1712 1386 flumen

180 1419 397 1469 campos
419 1404 779 1460 inundaverat,
821 1405 1033 1452 tumulis
1057 1403 1322 1454 dumtaxat
1353 1403 1710 1465 eminentibus,

176 1473 327 1520 velut
348 1471 529 1518 insulis
549 1470 744 1536 pai-vis3
787 1471 841 1517 in
864 1488 991 1534 quos
1022 1471 1256 1536 plerique
1288 1467 1475 1548 trepidi
1510 1466 1715 1518 omissis-

176 1538 401 1600 navigiis
424 1554 575 1599 enare
597 1549 894 1601 coeperunt.
960 1537 1206 1603 Dispersa
1228 1537 1405 1584 classis
1438 1536 1627 1599 partim
1657 1537 1710 1584 in

176 1603 407 1672 praealta
430 1620 560 1666 aqua
581 1604 772 1661 stabat,
813 1621 917 1670 qua
936 1603 1272 1653 subsederant
1289 1603 1476 1662 valles3
1521 1603 1710 1668 partim
1778 1611 1784 1624 ¹

178 1673 238 1719 in
259 1668 393 1718 vado
413 1669 666 1728 haerebat,
704 1684 963 1736 utcunque
984 1671 1248 1734 inaequale
1268 1681 1429 1718 terrae
1451 1670 1711 1734 fastigium

180 1745 559 1798 occupaverant
586 1734 777 1783 undae:
818 1751 939 1783 cum
966 1738 1135 1785 subito
1169 1753 1357 1797 novus,
1401 1747 1453 1786 et
1489 1738 1710 1802 pristino

176 1803 355 1854 maior
375 1812 545 1849 terror
564 1803 823 1850 incutitur.
863 1803 1195 1869 Reciprocare
1217 1806 1384 1868 coepit
1403 1821 1570 1867 mare,
1591 1821 1710 1853 ma-

180 1886 287 1934 gno
308 1879 473 1916 tractu
488 1870 635 1933 aquis
654 1869 706 1917 in
740 1885 892 1917 suum
922 1870 1112 1918 fretum
1142 1872 1546 1931 recurrentibus3
1583 1869 1711 1918 red-

181 1937 440 2000 debatque
462 1947 621 1984 terras
642 1936 817 2001 paullo
828 1947 945 2000 ante
956 1935 1217 2003 profundo
1237 1939 1347 1984 salo
1368 1953 1580 1984 mersas.
1599 1935 1712 1997 Igi-

184 2017 273 2052 tur
293 2002 531 2051 destituta
552 2005 749 2065 navigia
768 2004 863 2050 alia
884 2005 1284 2068 praecipitantur
1306 2003 1359 2048 in
1383 2017 1578 2065 proras,
1610 2001 1710 2050 alin

182 2072 239 2120 in
260 2072 417 2118 latera
438 2069 799 2134 procumbunt.
851 2069 1005 2118 Strati
1027 2081 1171 2117 erant
1189 2068 1357 2131 campi
1379 2067 1604 2131 sarcinis,
1622 2085 1710 2116 ar·-

184 2138 311 2197 mis,
353 2138 649 2202 avulsarum
668 2136 960 2184 tabularum
992 2150 1362 2202 remorumque
1393 2134 1708 2199 fragmentis.

184 2204 341 2254 Miles
361 2219 457 2250 nec
478 2201 649 2266 egredi
671 2201 723 2250 in
744 2214 948 2262 terram,
970 2219 1066 2250 nec
1085 2203 1136 2250 in
1157 2204 1308 2250 naves
1330 2201 1600 2252 subsistere
1613 2219 1710 2252 au-

186 2271 372 2331 debat3
414 2267 695 2318 identidem
715 2269 1064 2334 praesentibus
1085 2270 1340 2331 graviora,
1371 2286 1499 2333 quae
1522 2287 1709 2334 seque-

186 2349 403 2398 rentur,·
418 2345 732 2400 exspectans.
788 2335 897 2383 ‚Vix
918 2352 1045 2398 quae
1066 2335 1476 2398 perpetiebantur
1486 2351 1506 2396 ,·
1535 2335 1710 2386 videre

188 2405 328 2469 ipsos
360 2401 665 2462 credebant,
706 2402 759 2449 in
789 2403 920 2450 sicco
952 2400 1242 2462 naufragia,
1284 2400 1338 2448 in
1369 2403 1510 2448 amni
1546 2415 1710 2450 mare.

192 2470 297 2522 Nec
316 2471 430 2520 finis
452 2471 730 2517 malorum.
798 2468 1001 2532 Quippe
1022 2478 1222 2517 aestum
1239 2467 1414 2532 paullo
1435 2475 1554 2530 post
1569 2478 1711 2517 mre

190 2539 503 2600 relaturum,
544 2551 647 2600 quo
668 2535 867 2598 navigia
886 2537 1270 2598 allevarentur,·
1292 2533 1480 2598 ignari,
1519 2532 1709 2586 famem
