2084 3009
387 64 508 171 'ffl
649 102 656 108 ·
933 106 1002 179 Q·
1071 107 1398 186 cvnru

373 231 375 233 ·
409 210 608 263 xandro
645 208 972 274 transfugisse
1006 208 1253 271 diximus,
1277 208 1409 258 'cum
1444 222 1660 275 quatuor
1694 213 1947 263 millibus

359 298 364 304 ·
413 279 757 338 Graecorum,
793 280 963 343 ipsum
984 295 1047 326 ex
1064 279 1168 325 acie
1189 280 1489 343 persecutis,
1526 278 1945 345 fuga2T1-ipolim

377 348 390 355 ⁵
411 346 660 411 pervenit.
725 345 852 394 Inde
871 343 924 393 in
955 362 1105 394 naves
1133 344 1381 393 militibus
1415 347 1666 411 impositis
1678 345 1944 412 “Cyprum

413 413 692 461 transmisit
719 428 730 457 :
773 424 824 460 et
844 428 962 459 cum
991 413 1044 459 in
1075 402 1328 464 illokqtatu
1356 428 1531 461 rerum
1565 412 1621 460 id
1656 430 1945 477 quemque,

412 478 556 545 quod
576 490 900 545 occupasset,
922 478 1219 528 habiturum
1242 480 1597 541 arbitraretur,
1625 482 1770 529 ‘velut
1790 494 1945 531 certo

410 548 520 596 iure
559 563 872 612 possessum3
906 542 1200 611 Aegyptum
1226 558 1398 610 petere
1440 546 1686 606 decrevit:
1728 550 1945 612 utrique

409 613 518 677 regi
549 614 735 667 hostis,
768 626 818 661 et
847 630 1048 679 semper
1082 632 1144 663 ex
1174 614 1379 679 ancipiti
1407 612 1690 663 mutatio-ne
1718 626 1944 679 tempo-

408 696 529 729 nun
567 681 813 745 pendens.
881 680 1222 744 Hortatusque
1252 680 1441 729 milites
1473 681 1539 728 ad
1576 685 1727 745 spem
1764 692 1942 731 tantae

409 748 511 807 rei,
533 744 995 806 docet,'Sahacem
1019 756 1342 811 praetorem
1370 747 1623 815 Aegypti
1658 747 1941 797 cecidisse

363 865 366 868 ,
408 814 470 862 in
491 816 641 862 acze:
662 814 960 862 Persarum
977 813 1323 879 praesidium
1343 822 1399 862 et
1420 818 1540 863 st‘ne
1560 814 1701 863 duce
1714 828 1857 877 esse,
1878 823 1943 864 et

407 880 742 931 invalidum.-
775 881 1085 949 Aegyptios
1114 898 1333 947 semper
1361 880 1716 947 praetoribus
1744 890 1939 931 eorum

407 946 670 1015 infensoS,
682 964 792 1015 pro
813 948 978 997 sociis
1007 948 1185 1013 ipso-5,
1208 966 1316 997 non
1338 964 1447 1014 pro
1478 948 1723 1000 hostibus
1752 950 1939 999 aesti-

407 1024 674 1064 maturos.
745 1014 933 1063 On'mia
955 1016 1175 1081 experiri
1204 1017 1476 1064 necessitas
1498 1018 1736 1079 cogebat:
1776 1019 1937 1083 quip-

401 1099 468 1148 pe
492 1099 611 1129 cum
631 1083 822 1146 primas
842 1082 1179 1146 spes-fortuna
1202 1082 1454 1145 destituit,
1482 1083 1651 1131 futura
1669 1101 1925 1148 praesen-

403 1148 536 1195 tibus
568 1148 804 1197 videntur
828 1164 934 1195 esse
965 1150 1180 1213 potiora.
1248 1148 1405 1214 Igitur
1438 1151 1779 1212 conclamant,
1818 1151 1931 1199 du·-

403 1223 554 1263 ceret
591 1230 698 1283 quo
737 1214 1035 1264 videretur.
1104 1213 1274 1279 Atque
1324 1216 1413 1264 ille
1450 1216 1704 1267 utendum
1740 1218 1929 1267 animis

336 1315 351 1324 x
403 1281 533 1329 dum
561 1299 648 1347 spe
682 1284 903 1343 calerent
932 1294 1097 1343 ratus,
1134 1282 1199 1329 ad
1236 1282 1429 1331 Pelusii
1460 1284 1648 1332 ostium
1676 1296 1929 1349 penetrat,

399 1350 644 1397 simulans
667 1364 704 1397 a
734 1348 916 1398 Dario
949 1366 1008 1398 se
1031 1366 1153 1397 esse
1164 1349 1556 1415 praemissum.
1621 1350 1817 1399 Potitus
1838 1370 1929 1401 er-

399 1431 463 1479 go
484 1416 698 1478 Pelusii,
739 1417 1034 1482 Memphim
1068 1418 1233 1481 copias
1266 1419 1565 1481 promovitz,
1586 1417 1652 1465 ad
1678 1419 1819 1466 cuius
1840 1420 1927 1467 fa·-

395 1498 541 1531 mam
565 1482 821 1549 Aegyptii,
841 1500 969 1533 vana
989 1500 1115 1546 gens
1133 1520 1146 1544 ,
1169 1496 1219 1532 et
1237 1484 1485 1533 novandis
1508 1501 1665 1549 quam
1686 1485 1925 1549 gerendis

397 1552 562 1615 aptior
579 1551 754 1610 rebus,
793 1566 854 1597 ex
874 1551 974 1597 suis
1009 1552 1223 1615 quisque
1252 1552 1373 1600 vicis
1403 1552 1714 1615 urbibusque
1736 1552 1801 1601 ad
1819 1552 1920 1602 hoc

397 1617 570 1680 ipsum
609 1627 940 1677 concurrunt,
981 1616 1048 1664 ad
1088 1617 1305 1665 delenda
1340 1618 1588 1683 praesidia
1627 1618 1916 1670 Persarum.

399 1682 507 1745 Qui
547 1682 735 1743 territi,
778 1693 950 1731 tamen
995 1700 1143 1749 spem
1188 1684 1454 1733 obtinendi
1494 1682 1787 1752 Aegyptum
1804 1704 1915 1737 non

399 1748 696 1797 amiserunt.
765 1748 870 1796 Sed
903 1767 988 1798 eos
1020 1747 1271 1817 Amyntas
1302 1752 1499 1817 proelio
1536 1764 1821 1817 superatos,
1859 1757 1915 1805 in

397 1814 584 1862 urbem
617 1816 914 1880 compellit3
954 1818 1227 1881 castrisque
1252 1820 1458 1882 positis,
1497 1820 1713 1869 :victores
1735 1820 1801 1869 ad
1818 1838 1914 1886 po·

395 1880 651 1946 pulandos
697 1886 843 1945 agros
886 1881 1093 1931 eduxit:
1168 1902 1225 1931 ac
1239 1886 1381 1933 velut
1421 1886 1476 1933 in
1516 1885 1690 1934 medio
1730 1889 1913 1953 positis

397 1949 637 1997 omnibus
660 1947 887 1998 hostium
910 1962 1088 1998 cuncta
1108 1952 1401 2014 ageban'tur.
1467 1952 1645 2017 Itaque
1664 1952 1912 2019 Mazaces,

395 2032 711 2080 quamquam
743 2017 934 2073 infelici
965 2018 1163 2081 proelio
1210 2034 1427 2067 suorum
1464 2020 1663 2067 animos
1707 2026 1913 2074 territos

395 2099 500 2130 esse
523 2095 848 2147 cognoverat,
870 2096 1040 2133 tamen
1053 2082 1352 2151 palantes,
1374 2093 1430 2134 et
1454 2086 1726 2137 victoriae
1741 2086 1911 2153 fidu-

395 2149 486 2195 cia
523 2150 776 2199 incautos
809 2163 1090 2214 ostentans,
1124 2154 1357 2219 perpulit
1386 2168 1455 2202 ne
1491 2152 1813 2207 dubitarent
1841 2178 1910 2213 ex

393 2212 528 2263 urbe
575 2230 878 2282 erumpere,
912 2228 992 2283 ‘et
1011 2236 1101 2269 res
1146 2220 1384 2269 amissas
1436 2236 1784 2287 recuperare.
1849 2228 1908 2278 ld

392 2280 666 2330 consilium
685 2301 791 2332 non
811 2286 1006 2335 ratione
1029 2285 1329 2352 prudentius
1344 2324 1359 2350 ,
1396 2304 1553 2353 quam
1584 2302 1768 2339 eventu
1788 2292 1906 2343 feli-

389 2349 497 2396 cius
519 2347 639 2396 fuit:
681 2349 745 2397 ad
765 2368 931 2399 unum
950 2370 1131 2403 omnes
1165 2372 1281 2405 cum
1309 2355 1422 2420 ipso
1444 2354 1573 2403 duce
1596 2358 1751 2405 occisi
1772 2372 1905 2410 sunt.

387 2410 490 2462 Has
507 2431 700 2479 poenas
727 2413 978 2483 Amyntas
1009 2422 1213 2487 utrique
1232 2423 1339 2487 regi
1358 2421 1527 2482 dedit3
1562 2423 1727 2474 nihilo
1741 2427 1901 2490 magis

386 2480 433 2528 ei
467 2480 530 2529 ad
561 2498 717 2546 quem
747 2482 1083 2548 transfugerat
1101 2487 1259 2549 fidus,
1300 2506 1457 2552 quam
1477 2490 1558 2539 illi·
1574 2508 1731 2554 quem
1752 2490 1901 2542 dese·-

385 2560 570 2597 ruerat.
635 2548 779 2633 Dasrii
797 2562 1082 2617 praetores,
1124 2555 1212 2618 qui
1230 2556 1429 2619 proelio
1462 2556 1602 2623 apud
1630 2557 1778 2608 Isson
1805 2574 1895 2609 su·-
