2084 3009
349 135 418 194 54
767 148 784 165 ·
887 132 955 199 Q.
1019 126 1358 181 cvRT11
1426 170 1434 187 ,

349 251 446 303 epe
464 232 903 285 sollicitaverant
921 230 1142 283 vestri?
1171 230 1355 297 Impia
1373 221 1519 280 enim
1539 227 1681 280 bella
1701 230 1892 280 susci-

341 302 490 371 pitis
504 339 517 363 ,
558 310 614 351 et
651 319 773 351 cum
810 300 1065 350 habeatis
1095 314 1250 347 arma
1263 332 1282 357 ‚
1321 296 1627 347 licitamini
1642 296 1892 347 hostium

353 370 542 435 capita
561 389 578 419 .·
637 371 775 419 sicut
794 377 852 418 tu
866 368 1114 435 proxime
1133 364 1355 415 talentis
1375 364 1537 425 mille,
1558 365 1707 413 tanti
1728 380 1893 414 exer-

353 437 492 486 citus
513 453 615 485 rex
629 472 642 496 ,
674 452 1055 502 percussorem
1075 434 1136 481 ln
1156 450 1236 481 me
1256 448 1433 482 emere
1452 430 1704 494 voluisti.
1771 434 1894 481 Re·-

349 500 492 570 pello
511 504 687 571 igitur
705 502 903 553 bellum
915 540 928 563 ,
969 518 1079 550 non
1100 498 1305 567 infero.-
1328 508 1384 549 et
1402 500 1531 549 Diis
1550 514 1765 567 quoque
1776 515 1889 565 pro

353 569 568 620 meliore
592 570 877 620 stantibus
902 585 1092 629 causa,
1115 581 1378 637 magnam
1392 574 1611 633 partem
1631 568 1808 616 Asiae
1826 566 1891 615 in

354 637 608 687 ditionem
629 638 826 706 redegi
845 653 1043 686 meam:
1101 642 1155 684 te
1175 634 1353 701 ipsum
1374 634 1494 682 acie
1515 631 1645 682 vici.
1721 633 1889 698 Quem

354 706 462 753 etsi
499 702 640 752 nihil
673 722 708 752 a
747 722 828 753 me
865 704 1160 769 impetrare
1194 698 1514 766 oportebat,
1577 708 1769 765 utpote
1791 701 1889 767 qui

355 787 423 819 ne
443 768 574 817 belli
593 770 807 837 quidem
821 771 877 820 in
899 771 1127 821 meliura
1147 766 1461 819 servaveris
1471 786 1496 824 ‚·
1516 774 1705 815 tamen
1726 766 1779 815 si
1788 784 1891 816 ve·-

290 840 299 848 “
354 838 503 886 neris
521 836 778 903 supplex,
818 846 873 887 et
891 845 1139 894 matrem,
1180 843 1237 883 et
1255 832 1558 901 coniugem,
1604 842 1663 882 et
1682 831 1889 882 liberos

355 903 474 953 sine
483 904 671 969 pretio
693 913 1033 971 recepturum
1056 911 1110 953 te
1130 916 1251 951 ease
1260 903 1547 967 promitto.
1570 899 1645 948 Et
1663 899 1886 950 vincere

357 978 416 1019 et
433 970 716 1020 consulere
747 971 907 1020 victis
927 968 1060 1019 scio.
1136 967 1294 1035 Quod
1311 968 1364 1022 si
1383 976 1438 1016 te
1456 965 1614 1016 nobi-5·
1634 969 1886 1017 commit-

356 1045 476 1085 tere
494 1038 653 1087 times
665 1057 691 1094 ,·
731 1036 970 1087 dabimus
981 1036 1160 1100 fidem
1179 1035 1399 1100 impune
1420 1042 1721 1084 venturum.
1792 1032 1886 1100 De

357 1108 534 1152 cetero
575 1120 692 1151 cum
711 1104 845 1153 mihi
864 1104 1073 1153 scribe-s·
1087 1137 1100 1160 ,
1160 1110 1419 1152 memento
1431 1116 1540 1149 non
1559 1099 1732 1149 solum
1752 1098 1887 1169 regi

358 1177 440 1228 te,
497 1167 594 1217 aed
627 1170 792 1219 etiam
822 1178 915 1218 tuo
936 1168 1197 1221 scribere.
1266 1166 1349 1216 Ad
1370 1168 1500 1216 hanc
1518 1166 1885 1233 perferendam

358 1234 679 1300 Thersippus
720 1237 923 1286 missus,
988 1237 1107 1301 Ipse
1147 1237 1201 1284 in
1221 1234 1535 1284 Phoenicem
1573 1233 1762 1283 deinde
1784 1234 1886 1282 ‹le-

359 1301 584 1364 sumunt,
645 1313 695 1351 et
715 1303 965 1369 oppidum
983 1302 1186 1370 Byblon
1206 1302 1456 1350 traditum
1476 1302 1684 1365 recepit.
1752 1299 1885 1351 Inde

359 1368 424 1416 ad
441 1368 635 1418 Sidona
652 1382 866 1419 ventum
886 1382 976 1431 est,
1014 1370 1202 1418 urbem
1220 1379 1468 1417 vetustate
1492 1368 1729 1431 famaque
1752 1384 1888 1415 con-

360 1434 587 1484 ditorum
605 1437 868 1497 inclutam.
935 1437 1197 1500 Regnabat
1216 1436 1269 1483 in
1291 1452 1348 1482 ea
1369 1434 1555 1495 Strato,
1595 1434 1738 1483 Darii
1762 1434 1886 1498 opi-

360 1502 458 1550 bus
479 1502 709 1563 adiutum
765 1504 856 1551 sed
875 1504 993 1568 quia
1010 1502 1333 1551 deditionem
1350 1503 1514 1565 magis
1534 1502 1887 1566 popularium,

362 1582 520 1631 quam
539 1584 628 1615 sua
647 1580 829 1633 sponte
849 1569 1036 1619 fecerat
1049 1606 1065 1630 ‚
1107 1584 1268 1632 regno
1289 1569 1425 1617 visus
1447 1568 1713 1631 indignus:
1766 1566 1887 1615 He-

359 1633 747 1698 phaestionique
766 1636 1091 1698 permissum,
1114 1644 1194 1693 ut,
1216 1652 1373 1702 quem
1394 1652 1457 1683 eo
1468 1632 1711 1702 fastigio
1722 1632 1889 1683 Sido-
1922 1679 1927 1684 .

361 1714 462 1746 nes
482 1698 854 1749 dionissimum
866 1701 1290 1763 arbitrarentur,
1318 1702 1669 1753 con-‘titueret
1680 1716 1892 1770 regem.

361 1763 526 1813 Erant
536 1734 909 1831 {Iephaestioni
946 1768 1174 1834 hospites
1211 1770 1334 1818 clari
1357 1771 1489 1818 inter
1508 1786 1627 1818 suos
1653 1767 1891 1818 iuvenes:

364 1830 456 1894 qui
482 1830 611 1879 facta
631 1832 754 1896 ipsis
776 1846 1023 1897 potestate
1042 1835 1306 1899 regnandi,
1340 1846 1668 1901 negaverunt,
1690 1851 1892 1912 quem-

363 1912 528 1963 quam
541 1897 729 1964 patrio
749 1916 893 1949 more
915 1901 974 1950 in
995 1901 1057 1949 id
1059 1900 1368 1970 fastigium
1387 1901 1577 1967 recipi,
1598 1902 1706 1951 nist
1721 1902 1894 1970 regia

364 1963 538 2029 stirpe
557 1974 752 2016 ortum.
821 1965 1122 2017 Admiratus
1142 1966 1451 2034 Hephaestio
1472 1968 1892 2032 magnitudinem

365 2031 526 2079 animi
563 2036 844 2098 spernentis
869 2034 1011 2100 quod
1029 2035 1117 2083 alii
1135 2052 1227 2101 per
1252 2035 1395 2099 ignes
1416 2035 1715 2099 ferrumque
1734 2046 1889 2101 pete·-

360 2108 492 2172 rent,
521 2100 628 2150 Vos
647 2102 863 2165 quidem
879 2101 1051 2152 macti
1065 2110 1297 2160 virtute,
1335 2102 1517 2166 inquit,
1557 2110 1753 2161 estote,
1786 2100 1892 2171 qui

354 2162 532 2229 premi
567 2166 948 2229 intellexistis,
1007 2177 1219 2236 quanto
1257 2168 1436 2217 maius
1471 2176 1622 2218 esset
1649 2184 1889 2237 regnum

352 2227 652 2308 fastidire,
693 2251 857 2301 quam
875 2237 1145 2303 accipere.
1220 2233 1469 2285 Ceterum
1489 2235 1622 2285 date
1634 2235 1889 2303 ”aliquem

367 2314 562 2365 reg-tae
583 2300 802 2363 stirpis,
855 2303 960 2370 -qui
977 2302 1306 2361 meminerit,
1364 2318 1400 2351 a
1418 2301 1575 2351 vobi-s·
1598 2312 1888 2367 acceptum

366 2364 570 2415 habere
608 2381 668 2412 se
688 2382 931 2434 regnum.
998 2368 1073 2419 At
1090 2372 1193 2432 illi,
1254 2386 1375 2419 cum
1392 2370 1587 2417 multos
1609 2370 1889 2418 imminere

369 2443 534 2481 tantae
555 2432 662 2497 spei
681 2448 958 2496 cernerent,
980 2438 1191 2501 singulis
1214 2438 1500 2485 amicorum
1510 2432 1795 2501 Alexandri
1813 2436 1887 2485 ob

369 2500 582 2548 nimiam
600 2502 745 2566 regni
765 2502 1095 2567 cupiditatem
1114 2504 1394 2564 adulantes,
1428 2513 1672 2564 statuunt,
1704 2518 1741 2550 n
1840 2502 1853 2514 ‘

368 2581 490 2617 nem
529 2583 650 2619 esse
678 2568 942 2636 potiorem
971 2586 1139 2639 quam
1156 2568 1571 2621 Abdolomimcm
1590 2586 1697 2637 que
1775 2584 1887 2633 am,
