2084 3009
372 153 603 236 SVPPL'.
636 182 712 234 IN
748 185 815 251 Q.
848 183 1163 235 cva‘rlvm
1195 183 1255 233 L.
1276 183 1345 261 1!-
1511 183 1614 245 417
1645 250 1656 258 ‚

82 287 293 344 (leratae
316 303 547 352 compos,
590 303 695 348 eos,
736 289 823 352 qui
842 288 1183 350 Memnonem
1222 287 1620 351 advocavissent,
1655 296 1662 301 '

79 356 279 420 quique
304 357 561 418 templum
584 354 775 404 Dianae
798 358 1114 419 spoliassent,
1139 357 1292 420 inque
1316 373 1376 404 eo
1391 355 1616 420 Philippi

76 435 310 472 statuam
342 421 655 483 deiecissent,
697 435 783 472 aut
803 422 1085 489 Heropytlii
1115 435 1513 472 monumentum
1537 423 1620 472 es·-

75 490 349 550 sodisseut,
372 489 513 553 quod
535 489 795 539 liberatori
818 492 1029 539 civitatis
1052 493 1102 538 in
1126 491 1234 538 soro
1253 491 1481 554 positum
1503 491 1620 540 sue-

75 569 175 619 rat,
217 557 286 604 ad
328 558 645 621 supplicium
684 560 865 623 poscit.
920 559 1005 606 Ex
1039 559 1224 622 quibus
1247 557 1473 620 Pelagon
1498 574 1620 606 cum.

75 626 239 674 fratre
264 623 522 690 Syrpliace
542 638 593 674 et
612 627 940 690 patruelibus,
982 643 1044 674 ex
1065 626 1173 691 ipsa
1205 624 1345 684 aede,
1386 626 1438 672 in
1461 642 1620 689 quam

74 693 435 755 confugerant,
475 694 607 757 rapti
638 705 771 752 sunt,
813 695 1088 756 statimque
1130 691 1384 758 lapidibus
1427 693 1618 740 obruti.

70 756 297 823 Iamque
331 760 385 808 iu
419 759 595 808 caedes
619 772 669 808 et
690 761 899 810 iniurias
931 761 1126 819 ibaturz,
1167 777 1288 808 cum
1307 745 1616 822 Alexander,

70 827 295 876 inhibita
316 828 454 891 vulgi
477 828 696 887 licentia,
736 829 953 879 ulterius
984 845 1045 876 eo
1089 827 1154 875 de
1183 828 1388 890 negotio
1412 827 1619 891 inquiri,

72 905 167 942 aut
188 895 375 957 cuique
396 895 687 942 molestiam
710 894 935 943 exhiberi
954 895 1130 943 vetuit.
1180 893 1246 942 Id
1271 895 1476 958 optimis
1499 894 1620 958 qui-

70 961 279 1025 busque
304 962 452 1009 saluti
474 962 584 1023 suit,
626 979 757 1027 quos
787 977 880 1026 per
902 979 1109 1010 causam
1127 963 1234 1010 veri
1254 962 1418 1009 fictive
1440 961 1621 1007 crimi-

69 1031 172 1087 nis,
211 1029 449 1092 ipsorum
470 1028 686 1093 dignitas
712 1041 796 1078 aut
817 1031 1098 1093 bpulentia‚
1121 1027 1427 1076 furibundae
1447 1027 1616 1093 plebis

70 1096 211 1144 odiis
236 1095 589 1160 ,avaritiaeque
633 1098 918 1146 obiecisset·
970 1096 1114 1144 Inter
1133 1095 1258 1146 haec
1277 1094 1544 1159 Magnetes
1566 1104 1618 1142 et

72 1163 329 1211 Tralliani
368 1163 565 1226 legatos
604 1165 833 1221 mittunt,
876 1165 1154 1229 imperium
1196 1163 1468 1228 accepturi.
1534 1161 1615 1210 Eo

71 1229 452 1278 Parmenione
475 1247 592 1278 cum
616 1231 860 1299 quinque
874 1230 1128 1298 peditum
1151 1230 1418 1292 millibus,
1460 1229 1617 1297 equi-

72 1295 345 1363 tibusque
368 1295 722 1346 ducentis-‚ire
746 1300 902 1360 iusso,
932 1298 1250 1346 Alcimalum
1271 1315 1391 1346 cum
1401 1297 1618 1370 paribus

74 1365 187 1412 fere
214 1363 377 1428 copiis
418 1365 613 1413 circum
651 1361 886 1413 Aeolicas
923 1365 1227 1426 Ionicasque
1268 1363 1458 1411 Persici
1490 1363 1617 1411 iuris

73 1431 237 1482 urbes
260 1431 431 1478 mittit·-
452 1429 671 1495 Utrique
684 1431 991 1491 iniunctum,
1012 1438 1076 1480 ut
1089 1428 1295 1480 abolito
1307 1444 1620 1497 paucorum

72 1497 383 1557 dominatu,
385 1496 713 1563 popularem
728 1497 929 1566 ubique
948 1506 1158 1548 statum
1167 1495 1583 1548 introducerent
1595 1512 1616 1546 .·

71 1567 275 1632 quippe
294 1564 682 1613 multitudinem
704 1567 809 1614 suis
846 1565 1002 1614 rebus
1034 1565 1240 1616 studere
1277 1575 1616 1631 compererat,
1665 1619 1670 1630 Ι

70 1634 251 1698 obque
291 1649 405 1686 eam
444 1649 557 1682 rem
597 1642 617 1679 t
651 1649 837 1681 rannos
868 1649 896 1680 a
926 1631 1156 1680 barbaris
1196 1634 1482 1698 impositos,
1521 1647 1618 1698 per

67 1718 209 1766 quos
239 1703 571 1748 coerceretur.
616 1649 719 1747 {er
739 1717 826 1748 eos
847 1697 973 1758 dies,
1013 1697 1144 1746 dum
1162 1698 1354 1764 Ephesi
1374 1715 1616 1748 commo·-

66 1779 224 1820 ratur
240 1765 555 1828 Alexander,
575 1777 633 1814 ut
654 1784 720 1816 ex
739 1765 1048 1814 instantibus
1069 1765 1204 1814 curis
1227 1777 1479 1815 recrearet
1497 1767 1615 1816 ani·-

68 1851 247 1894 mum,
269 1833 559 1897 frequenter
578 1834 631 1881 in
651 1834 906 1882 officinam
925 1829 1125 1897 Apellis
1148 1831 1428 1892 ventitavit,
1458 1851 1487 1882 a
1509 1849 1613 1898 quo

68 1919 182 1952 uno
216 1900 443 1962 effigiem
482 1915 627 1949 suam
667 1900 911 1965 penicillo
953 1899 1176 1965 exprimi
1210 1901 1430 1963 volebat,
1471 1911 1613 1948 tanto

70 1971 253 2019 favore
275 1967 593 2032 complexus,
631 1979 691 2016 ut
709 1967 1100 2016 dilectissimam
1128 1969 1393 2032 pellicum,
1435 1981 1613 2014 amore

72 2038 187 2086 eius
209 2035 444 2100 deperire
466 2035 687 2083 sentiens
710 2035 972 2093 artificem,
997 2033 1135 2081 douo
1161 2032 1378 2081 dederit.
1415 2031 1616 2080 Panca-

2 2147 18 2164 ,
71 2115 153 2152 sta
171 2101 469 2161 vocabatur,
502 2118 565 2150 ex
584 2101 785 2150 Larissa
804 2099 972 2150 nobili
991 2099 1283 2148 Thessaliae
1304 2098 1431 2147 urbe
1452 2114 1614 2161 genus

73 2169 299 2219 ducens:
334 2169 635 2234 amabatque
657 2185 771 2218 eam
790 2187 882 2220 rex
904 2166 1103 2216 ardenti
1124 2167 1309 2214 affectu
1330 2164 1396 2214 ob
1417 2166 1614 2215 formae

72 2235 533 2303 pulchritudinem,
567 2248 617 2285 et
638 2237 882 2302 quoniam
903 2233 1217 2284 adolescenti
1233 2233 1398 2298 prima
1419 2233 1616 2284 mulie-

72 2322 197 2354 rum
218 2303 284 2353 ad
303 2303 579 2354 libidinem
602 2306 877 2369 placuerat.
928 2301 1045 2350 Hoc
1064 2311 1124 2349 nt
1141 2302 1615 2366 magnanimitatem

72 2369 363 2421 Alexandri
384 2389 488 2420 non
510 2371 737 2434 dedecet,
760 2371 829 2420 ita
843 2387 945 2422 non
960 2366 1286 2430 crediderim,
1310 2368 1369 2417 in
1391 2365 1615 2438 officinfz

72 2437 329 2506 imperite
358 2437 539 2490 multa
568 2440 935 2489 disserentem
954 2434 1025 2486 ab
1050 2434 1236 2504 Apelle
1259 2433 1505 2484 mordaci
1525 2432 1616 2510 ds:

74 2504 248 2556 cterio
290 2523 607 2574 repressum
634 2506 841 2575 suisse-
898 2505 1048 2558 Nam,
1073 2501 1130 2551 id
1163 2519 1328 2566 neque
1361 2500 1615 2548 maiestati

71 2576 199 2624 tanti
218 2575 373 2639 regis,
395 2592 563 2640 neque
586 2571 866 2623 modestiae
887 2570 1114 2637 pictoris,
1135 2568 1358 2619 hominis
1367 2583 1480 2614 -non
1502 2576 1616 2613 stu-

70 2641 181 2709 pidi
202 2657 301 2692 nec
322 2641 535 2707 indocti,
557 2641 898 2691 convenisset:
920 2650 971 2688 et
989 2635 1298 2700 Alexander,
1318 2631 1616 2686 liberalibus

142 2708 417 2762 Cvnrxvs.
1098 2703 1148 2754 D
1167 2700 1204 2752 d
