2084 3009
665 182 943 241 LIBER
1011 184 1115 240 1v.
1590 196 1659 251 Β

99 286 354 349 classem,
392 286 543 335 sicuti
567 280 766 336 dictum
786 298 875 348 est,
895 298 1145 354 paratam,
1166 285 1457 340 circumire
1475 306 1659 343 muros

95 357 282 405 iubet:
346 355 558 418 iamque
575 370 728 403 naves
749 354 866 403 urbi
885 354 1115 420 undique
1137 355 1568 422 admovebantur,
1608 372 1658 409 et

98 422 260 489 Tyrii
285 420 644 487 desperatione
664 421 962 488 torpebant3
1017 438 1137 472 cum
1155 422 1322 471 subito
1344 424 1531 491 spissae
1552 442 1655 477 nu·—

97 489 194 541 bes
217 488 496 537 intendere
519 506 574 537 se
594 488 761 549 coelo,
818 500 867 537 et

960 491 972 502 ⁸
1015 490 1144 554 quid
1162 491 1291 539 lucis
1301 491 1653 675 ‘bat'

989 568 1053 609 st.
1124 558 1265 605 Tum
1564 577 1653 609 ens

100 641 258 673 mare
277 623 555 691 paullatim
573 622 745 683 levari,
767 621 886 673 dein
927 642 956 673 e
975 624 1154 671 acriori
1164 634 1316 673 'vento
1560 643 1653 687 un,

103 560 278 607 effusa
337 556 558 618 ealigine
612 557 862 604 exstinctu

102 694 302 740 fluctus
325 690 478 750 ciere,
499 700 551 737 et
571 690 702 737 iuter
721 707 774 739 se
795 692 994 753 navigia
1006 690 1264 741 collidere.
1284 690 1497 757 Iamque
1510 693 1652 741 scin—
1732 742 1737 745 ,

101 758 158 807 di
200 767 485 824 coeperant
523 756 751 819 vincula,
811 758 998 822 quibus
1020 775 1275 809 connexae
1298 758 1648 823 quadriremes

102 837 285 886 erant,
327 841 480 873 ruere
509 824 761 885 tabulata,
803 836 852 873 et
874 842 992 873 cum
1012 826 1205 889 ingenti
1229 827 1425 889 fragore
1450 828 1503 875 in
1522 845 1651 893 pro-

100 892 339 943 fundum
360 907 539 939 sectun
557 892 746 939 milites
767 891 986 941 trahere.
1054 892 1233 956 Neque
1254 894 1393 942 enim
1415 907 1649 943 conserta

97 960 314 1023 navigia
336 959 441 1006 ulla
465 958 638 1023 ope'in
659 958 866 1007 turbido
886 960 996 1023 regi
1016 971 1277 1025 poterant:
1318 960 1467 1031 miles
1488 963 1648 1011 mini-

97 1028 262 1076 steria
282 1036 587 1084 nautarum,
608 1026 824 1089 remiges
844 1026 1023 1075 militis
1044 1027 1205 1075 officia
1226 1027 1525 1091 turbabant3
1581 1040 1646 1090 et,

101 1092 258 1158 quod
296 1094 354 1141 in
392 1091 694 1139 huiusmodi
716 1108 834 1141 casu
854 1093 1059 1156 accidit,
1115 1095 1265 1159 periti
1286 1095 1473 1159 ignaris
1492 1113 1646 1163 pare-

99 1162 260 1216 bant:
303 1160 495 1224 quippe
515 1158 896 1223 gubernatores,
935 1161 1056 1209 alias
1076 1162 1327 1227 imperare
1350 1164 1501 1221 soliti,
1530 1176 1647 1212 tum

102 1240 252 1277 metu
312 1227 500 1277 mortis
549 1226 687 1273 iussa
726 1227 1148 1291 exsequebantur.
1206 1229 1463 1278 Tandem
1490 1231 1646 1280 remis

101 1290 419 1361 pertinacius
443 1293 797 1342 everberatum
816 1310 976 1354 mare,
1006 1294 1170 1343 ‘veluti
1194 1296 1527 1359 eripientibus
1550 1289 1647 1345 ιιι-’-

103 1364 238 1426 vigia
260 1359 486 1410 classicis
508 1359 678 1408 cessit:
736 1361 1051 1425 appulsaque
1069 1370 1189 1407 sunt
1206 1361 1373 1420 litori,
1426 1362 1644 1411 lacerata

101 1431 369 1496 pleraque.
435 1426 634 1475 lisdem
675 1424 856 1475 diebus
893 1426 1024 1475 forte
1045 1423 1543 1488 Carthaginiensium
1559 1429 1642 1475 le-

101 1498 209 1561 gati
245 1497 460 1559 triginta
499 1496 895 1560 superveniunt,
953 1494 1121 1541 maius
1142 1492 1361 1541 obsessis
1382 1495 1653 1555 solatium‚‘

102 1580 264 1629 quam
277 1564 550 1611 auxilium:
573 1563 762 1627 quippe
775 1560 1073 1610 domestico
1087 1558 1224 1609 bello
1236 1562 1445 1611 Poenos
1466 1562 1641 1628 impe-

105 1630 219 1681 diri
226 1650 252 1688 ,·
277 1646 381 1679 nec
401 1628 469 1677 de
491 1628 736 1695 imperio,
758 1629 862 1677 aad
875 1646 982 1694 pro
994 1627 1181 1677 salute
1194 1626 1476 1692 dimicare,
1498 1648 1641 1687 nun-

105 1700 320 1748 tiabant.
391 1696 696 1760 Syracusani
732 1706 856 1744 tunc
873 1695 1106 1744 Africam
1126 1695 1371 1756 urebant,
1431 1710 1482 1747 et
1498 1697 1639 1747 haud

105 1766 291 1833 procul
313 1762 630 1827 Carthaginis
674 1765 836 1811 muris
856 1760 1146 1814 locaverant
1166 1774 1345 1812 castra.
1412 1766 1532 1815 Non
1551 1776 1637 1814 ta·-

104 1850 228 1883 men
252 1832 483 1885 defecere
505 1831 684 1879 animis
707 1831 849 1897 Tyrii
863 1866 876 1889 ‚
909 1846 1226 1901 quamquam
1246 1832 1307 1879 ab
1329 1832 1524 1895 ingenti
1544 1850 1635 1897 spe

108 1898 342 1951 destituti
383 1910 552 1958 erant3
613 1896 705 1946 sed
736 1898 974 1961 coniuges
994 1897 1287 1960 liberosque
1308 1897 1632 1947 devehendos

105 1966 470 2031 Carthaginem
508 1964 855 2024 tradiderunt3
903 1964 1087 2013 fortius
1110 1962 1363 2029 quidquid
1383 1964 1635 2015 accideret

104 2034 277 2096 laturi,
299 2035 341 2083 si
364 2032 682 2081 carissimam
699 2032 779 2080 sui
797 2042 1000 2097 partem
1019 2044 1159 2081 extra
1180 2032 1470 2080 communis
1491 2033 1633 2097 peri·-

109 2103 209 2163 culi
239 2111 436 2149 sortem
455 2098 766 2147 habuissent.
809 2146 814 2151 ,
833 2096 1069 2163 Cumque
1089 2115 1220 2147 unus
1242 2116 1268 2147 e
1290 2098 1483 2148 civibus
1506 2117 1634 2149 con-

107 2170 241 2218 cioni
263 2166 558 2226 indicasset,
591 2164 833 2215 oblatam
852 2180 975 2213 esse
984 2181 1090 2229 per
1109 2180 1354 2215 somnum
1375 2166 1487 2216 sibi
1503 2184 1635 2235 spe-

108 2236 243 2285 ciem
253 2232 541 2300 Apollinis,
554 2250 710 2297 quem
722 2233 908 2281 eximia
919 2230 1007 2279 reli
1013 2232 1163 2295 gione
1180 2234 1419 2293 colerent,
1444 2236 1633 2287 urbem

106 2302 416 2351 deserentis
435 2321 460 2359 ;
516 2298 814 2367 molemque
853 2316 890 2347 a
913 2296 1314 2349 Macedonibus
1348 2301 1554 2353 iactam
1572 2304 1633 2353 in

109 2368 223 2419 salo
234 2404 252 2428 ,
313 2368 374 2418 in
395 2366 702 2417 silvestrem
722 2364 924 2423 saltum
945 2382 1066 2415 esse
1092 2373 1386 2417 mutatam:
1444 2387 1632 2434 quam-

109 2454 262 2503 quam
295 2446 474 2484 auctor
491 2436 614 2485 levis
637 2446 767 2495 erat,
823 2446 998 2483 tamen
1021 2432 1084 2499 ad
1108 2432 1359 2484 deteriora
1378 2434 1633 2485 credenda
1708 2462 1713 2469 ·

107 2503 251 2570 proni
271 2514 433 2565 metu,
455 2519 606 2549 aurea
627 2513 809 2551 catena
821 2500 1093 2551 devinxere
1112 2502 1464 2560 simulacrum,
1488 2518 1635 2549 arae-

107 2588 202 2637 que
214 2568 451 2619 Herculis
464 2604 478 2630 ,
519 2568 661 2616 cuius
681 2568 881 2616 numini
918 2568 1105 2615 urbem
1145 2566 1460 2625 dicaverant,
1496 2566 1637 2615 inse-

113 2653 260 2687 ruere
291 2636 561 2685 vinculum
578 2668 596 2695 ,
626 2632 770 2695 quasi
793 2633 887 2683 illo
905 2632 1020 2685 Deo
1043 2628 1349 2697 Apollinem
1367 2634 1636 2681 retenturi.
