2084 3009
668 198 953 249 LIBER·
1008 200 1125 252 111.
1577 203 1655 267 ›4'9

131 303 322 354 Darius
343 301 488 350 velut
507 300 562 349 in
579 316 690 349 arce
709 302 976 362 tutissima,
1006 302 1062 349 in
1083 302 1359 369 proditoris
1379 305 1657 371 reliquerat

125 372 390 422 manibus.
467 364 776 435 Gaugabas·
796 366 978 417 Persae
1015 382 1213 425 vocant·
1235 372 1460 422 humeris
1498 392 1655 423 onera

123 449 395 507 portantes
412 452 423 483 :
442 434 494 482 hi
518 452 639 486 eum
659 436 821 498 frigus
840 437 1056 483 tolerare
1080 454 1185 486 non
1199 452 1423 504 possent,
1446 440 1655 508 (quippe

121 518 170 555 et
201 504 441 570 procella
461 502 632 563 subito
653 503 824 551 nivem
847 502 1092 551 effuderat
1105 541 1121 566 ,
1185 518 1235 555 et
1252 505 1437 555 humus
1457 509 1655 571 rigebat

119 572 260 636 gelu)
289 583 406 619 tum
427 568 688 624 adstrictas
707 582 868 617 vestes
883 606 898 630 ,
957 587 1083 635 quas
1106 570 1225 620 eum
1242 572 1455 638 pecunia
1475 586 1654 638 porta-

118 640 248 688 bant
270 654 398 685 auro
423 648 474 684 et
493 632 719 701 purpura
740 637 974 701 insignes,
1015 634 1263 687 induunt:
1302 640 1447 687 nullo
1469 640 1656 704 prohi-

119 706 245 755 bere
269 720 425 764 auso;
481 720 600 751 cum
639 704 844 753 fortuna
881 704 1012 767 regis
1056 706 1209 753 etiam
1246 706 1553 756 humillimis
1596 709 1651 757 in

118 775 302 839 ipsum
321 771 586 819 licentiam
607 771 810 830 ijaceret.
877 768 1161 821 Praebuere
1183 790 1299 837 ergo
1321 772 1651 823 Parmenioni

117 858 228 889 non
267 837 545 906 spernendi
583 838 796 901 agminis
819 840 1067 904 speciem:
1130 842 1217 904 qui
1236 842 1505 890 intentiore
1528 858 1650 891 cura

117 924 242 958 suos
260 944 273 965 ‚
321 905 478 968 quasi
500 903 564 953 ad
584 905 776 953 iustum
797 906 1083 971 proelium,
1122 908 1315 972 ¹paucis
1338 906 1647 971 adhortatus,

117 974 286 1043 equis
307 970 558 1021 calcaria
579 972 812 1022 subdere
836 974 1000 1035 iubet,
1043 982 1099 1023 et
1116 974 1241 1023 acti
1258 974 1465 1039 impetu
1478 974 1536 1023 in
1546 974 1651 1024 ho·-

117 1052 271 1097 stem,
285 1037 491 1089 invehi.
557 1037 742 1100 Atini,
765 1041 852 1103 qui
871 1042 966 1097 sub
989 1042 1227 1091 oneribus
1250 1053 1406 1103 erant,
1451 1044 1649 1091 omissis

117 1127 216 1178 per
237 1118 457 1165 metum,
488 1118 752 1171 capessunt
771 1108 971 1171 fugam:
1007 1110 1187 1157 armati
1210 1126 1431 1173 quoque,
1453 1111 1540 1177 qui
1562 1126 1647 1159 eos

117 1172 593 1244 persequebantur,
651 1174 836 1222 eodem
854 1187 994 1224 metu
1015 1192 1156 1225 arma
1179 1178 1361 1225 iactare
1374 1212 1389 1238 ‚
1449 1196 1507 1226 ac
1528 1188 1649 1225 nota

121 1241 432 1292 diverticula
453 1252 622 1305 petere
643 1238 936 1305 eoeperunt.
991 1241 1281 1292 Praefectus
1304 1242 1445 1307 qu'asi
1468 1256 1516 1293 et
1536 1245 1647 1308 ipse

121 1308 438 1359 conterritus
489 1308 734 1356 simulans
754 1344 769 1369 ‚
839 1308 1018 1357 cuneta
1063 1326 1249 1374 pavore
1290 1312 1650 1376 compleverat.

119 1373 364 1426 Iacebant
383 1374 502 1431 totis
525 1375 715 1439 campis
739 1390 860 1439 opes
880 1376 1044 1437 regiae
1055 1392 1076 1417 ··<
1105 1375 1193 1421 illa
1216 1373 1430 1438 pecunia
1454 1377 1651 1439 stipen—

123 1444 214 1492 dio
251 1442 450 1503 ingenti
477 1442 706 1489 militum
724 1452 1043 1505 praeparata:
1103 1439 1188 1489 ille
1212 1440 1376 1487 cultus
1398 1452 1476 1489 tot
1496 1441 1653 1489 nobi-

121 1513 258 1561 lium
273 1510 536 1569 virorum,
572 1519 652 1555 tot
671 1509 952 1557 illustrium
972 1508 1321 1556 feminarium.
1340 1524 1494 1555 aurea
1516 1524 1651 1569 vasa,

125 1578 269 1627 aurei
287 1575 477 1635 fraeni,
540 1574 863 1623 tabernacula
887 1576 1047 1638 regali
1065 1574 1436 1638 magnificentia
1456 1575 1656 1623 ornata:

123 1642 364 1693 vehicula
400 1657 602 1705 quoque
623 1658 652 1687 a
672 1640 1039 1689 suis-destituta*
1049 1678 1063 1702 ,
1123 1642 1337 1705 ingentis
1362 1644 1655 1709 opulentiae

123 1714 286 1777 plena
305 1725 318 1756 ε
390 1708 540 1756 facies
563 1708 714 1755 etiam
752 1706 1117 1772 praedantibus
1138 1706 1295 1757 tristis
1315 1744 1329 1769 ,
1387 1710 1430 1759 si
1454 1728 1553 1775 qua
1572 1725 1655 1758 res

125 1776 398 1827 avaritiam
436 1786 739 1831 moraretur.
807 1774 1014 1841 Quippe
1052 1786 1128 1823 tot
1154 1790 1406 1825 annorum
1430 1776 1657 1825 incredi-

123 1846 219 1897 bili
249 1854 314 1891 -et
350 1840 507 1891 fidem
550 1840 822 1889 excedente
845 1842 1047 1891 fortuna
1069 1844 1353 1905 cumulata,
1412 1840 1534 1892 tune
1556 1843 1658 1891 alia.

123 1910 377 1977 stirpibus
399 1909 629 1969 lacerata,
652 1909 746 1955 alia
766 1908 820 1957 in
840 1912 1059 1958 coenum
1080 1906 1313 1957 demersa
1328 1911 1659 1961 eruebantur:

125 1996 236 2028 non
279 1972 599 2025 sufficiebant
631 1973 986 2040 praedantium
1005 1993 1197 2025 manus
1208 1974 1443 2039 praedae.
1511 1974 1666 2024 Iam-³

125 2060 227 2110 que
249 2044 410 2091 etiam
429 2041 496 2090 ad
517 2056 617 2101 eos,
637 2042 726 2105 qui
745 2042 900 2106 primi
919 2042 1393 2107 fixgerant,·ventum
1414 2054 1543 2091 erat:
1576 2042 1659 2091 se·-

123 2112 300 2161 minae
320 2109 592 2173 pleraeque
612 2124 795 2172 parvos
816 2108 1070 2157 trahentes
1090 2108 1279 2157 liberos
1300 2107 1470 2160 ibant„
1516 2108 1658 2159 Inter

125 2194 256 2245 quas
276 2186 382 2225 tres
404 2175 544 2225 fuere
563 2174 796 2238 virgines,
822 2174 970 2237 Ochi,
989 2176 1077 2239 qui
1098 2184 1213 2222 ante
1235 2174 1453 2223 Darium
1472 2192 1657 2243 regna*-

124 2254 294 2304 verat,
355 2242 513 2303 filiae,
567 2242 696 2290 olim
714 2242 928 2308 quidem
949 2259 1011 2291 ex
1029 2241 1227 2305 fastigio
1249 2254 1459 2307 paterno
1478 2260 1656 2294 rerum

127 2308 720 2377 mutationexderractae3
740 2308 831 2357 sed
850 2320 964 2359 tum
983 2320 1179 2359 sortem
1200 2326 1377 2359 earum
1396 2310 1655 2361 crudelius

130 2388 437 2445 aggravante
477 2377 698 2425 fortuna.
763 2376 826 2425 In
866 2376 1051 2425 eodem
1090 2392 1250 2441 grege.
1280 2381 1413 2426 uxor
1448 2393 1657 2442 quoque
1699 2409 1707 2416 κ

128 2444 368 2495 eiusdem
389 2442 522 2493 Ochi
542 2443 663 2505 suit,
703 2441 1047 2509 Oxathrisque
1069 2441 1241 2509 (frater
1263 2444 1349 2492 hie
1368 2456 1474 2493 erat
1490 2442 1656 2506 Darii)

126 2513 246 2576 filia,
277 2522 330 2561 et
351 2511 540 2559 coniux
557 2508 798 2559 Artabazi
816 2512 978 2579 princi
1019 2513 1060 2559 is
1080 2509 1497 2577 purpuratorum,
1530 2521 1579 2557 et
1596 2508 1663 2555 fi·-

125 2579 244 2640 lius,
265 2578 352 2626 cui
371 2576 585 2627 Ilioneo
604 2578 702 2625 fuit
719 2589 927 2634 njomen.
1041 2576 1312 2625 harnabazi
1339 2590 1559 2637 quoque,
1580 2574 1663 2623 cui

126 2660 402 2759 suznmum
423 2644 704 2713 imperium
721 2645 1009 2695 maritimae
1030 2660 1149 2693 orae
1169 2660 1261 2755 τῇ
1280 2639 1512 2701 dederat,
1530 2654 1662 2692 uxor
1738 2699 1743 2705 .

235 2723 460 2759 vanva-
