2084 3009
1408 148 1421 169 Ι

139 220 166 252 .
593 178 656 233 ⁵1⁴
693 177 722 237 1
754 178 798 233 B
827 177 880 235 Ε
907 180 954 235 R
1019 174 1187 236 vm.
1333 224 1340 228 ,
1550 178 1661 237 255
1697 255 1717 273 x

143 292 400 347 provectos
413 318 428 345 ‚
461 274 525 331 'ut
543 282 735 347 passim
755 280 974 329 hederae
994 297 1053 328 ac
1072 272 1257 330 vitium
1275 276 1663 344 folia-decerpe-

135 360 260 411 rent,
280 350 608 415 redimitique
627 348 811 397 fronde
831 359 942 396 toto
963 362 1179 395 nemore
1194 347 1387 394 similes
1402 344 1663 393 Bacchan-

78 458 93 470 χ
137 416 270 465 tibus
298 429 621 481 vagarentur.
687 415 916 463 Vocibus
937 431 1057 479 ergo
1080 425 1157 462 tot
1175 415 1427 473 millium,
1467 412 1663 476 praesi-

139 481 256 533 dem·
274 486 498 535 nemoris
523 484 629 532 eius
643 484 818 531 Deum
837 482 1178 543 adorantium,
1200 482 1315 545 iuga
1335 480 1527 527 montis
1550 478 1663 527 col-

138 552 312 617 lesque
331 552 663 611 resonabant3
701 566 820 598 cum
850 560 961 597 orta
981 550 1191 597 licentia
1212 566 1239 597 a
1261 548 1463 613 paucis,
1482 558 1542 595 ut
1560 546 1665 593 fere
1723 564 1731 575 ·
1754 586 1773 603 ,

136 618 190 665 fit
243 621 299 668 in
329 636 510 671 omnes
543 633 596 669 se
625 628 838 683 repente
874 617 1149 681 vulgasset.
1216 616 1421 680 Quippe
1449 613 1664 663 velutin

133 677 303 738 media
337 698 486 753 pace,
525 701 616 753 per
648 684 836 734 herbas·
864 694 1260 747 congestamque
1280 680 1518 731 frondem
1536 696 1665 745 pro-

135 764 416 803 straverant
453 768 718 819 corpora.t
750 752 818 799 Et
837 768 929 799 rex
969 750 1235 799 fortuitam
1265 749 1525 798 licentiam
1556 762 1665 793 nou
1694 758 1702 769 ¹

135 834 388 871 aversatus
403 858 417 883 ,
454 823 594 885 large
615 819 681 869 ad
701 820 878 883 epulas
902 817 1146 865 omnibus‘
1163 817 1431 883 praebitis,
1452 832 1547 880 per
1566 812 1665 861 de·-

98 914 113 929 ·
135 903 246 936 cem
285 889 396 938 dies
441 888 630 937 Libero
670 885 808 934 Patri
847 897 1115 951 operatum
1154 884 1333 934 hahuit
1364 883 1669 933 exercitum.

132 954 260 1020 Quis
280 967 448 1021 neget,
471 956 712 1004 eximiam
732 970 938 1018 quoque
960 954 1182 1017 gloriam
1202 952 1401 1017 saepius
1414 946 1664 1007 fortunae,

85 1075 100 1083 ‚
130 1039 287 1087 quam
305 1024 536 1084 virtutis,
573 1040 680 1072 esse
699 1017 1042 1070 beneficium?
1102 1021 1293 1087 quippe
1315 1036 1379 1065 ne
1400 1018 1667 1081 epulantes

130 1091 346 1154 quidem
368 1102 419 1140 et
439 1092 633 1158 sopitos
653 1106 800 1137 mero
823 1087 1029 1152 aggredi
1050 1105 1199 1137 ausus
1222 1098 1299 1135 est
1317 1085 1477 1134 hostis
1495 1120 1508 1144 ‚
1528 1078 1669 1131 haud

131 1174 274 1209 secus
295 1159 666 1208 Bacchantium
743 1157 1101 1220 ulantiumque
1121 1155 1329 1204 fremitu
1348 1151 1667 1218 perterritus,

131 1241 288 1289 quam
319 1228 363 1275 si
396 1226 668 1291 proelianti
793 1225 990 1271 clamor
1023 1234 1156 1271 esset
1176 1221 1399 1271 auditus.
1464 1216 1668 1267 Eadem

131 1293 344 1343 felicitas
381 1296 444 1343 ab
467 1292 677 1341 Oceano
709 1300 1016 1337 revertentes
1037 1291 1349 1335 temulentos
1371 1300 1668 1334 comessan-

128 1368 309 1426 tesque
350 1364 486 1410 inter
523 1374 614 1407 ora
651 1356 885 1404 hostium
912 1354 1055 1401 texit.
1122 1354 1257 1401 Hinc
1288 1352 1355 1400 ad
1382 1352 1669 1413 regionem,

127 1444 258 1493 quae
279 1424 550 1478 Daedala
579 1434 808 1480 vocatur,
839 1432 1146 1486 perventum
1168 1432 1259 1467 est.
1326 1418 1667 1465 Deseruerant

126 1494 334 1547 incolae
357 1494 522 1556 sedes,
555 1505 608 1541 et
627 1492 679 1539 in
697 1492 843 1539 avios
885 1488 1239 1551 silvestresque
1260 1480 1463 1533 montes
1485 1482 1672 1531 confu-
1730 1524 1733 1531 .

127 1577 332 1628 gerant.
382 1561 522 1626 Ergo
543 1559 778 1608 Acadera
798 1555 994 1614 transit,
1017 1571 1176 1619 aeque
1195 1564 1336 1604 vasta
1356 1562 1407 1600 et
1428 1550 1671 1598 destituta

129 1631 482 1683 incolentium
519 1629 654 1693 fuga.
723 1626 901 1689 Itaque
941 1623 1195 1671 rationem
1227 1620 1360 1674 belli
1396 1617 1669 1666 necessitas

129 1700 379 1749 mutavit.
489 1696 678 1745 Divisis
736 1693 876 1741 enim
938 1690 1097 1755 copiis
1118 1726 1134 1753 ,
1210 1688 1467 1753 pluribus·
1512 1683 1671 1735 simul
1720 1724 1737 1735 .

125 1769 262 1817 locis
297 1780 442 1813 arma
468 1760 718 1820 ostenditg
761 1759 1115 1824 oppressique,
1158 1768 1207 1806 et
1227 1756 1316 1821 qui
1342 1764 1673 1819 exspectave-

127 1846 248 1885 rant
267 1834 489 1889 h'ostem‚
513 1828 656 1877 omni
677 1825 820 1875 clade
841 1824 1118 1891 perdomiti
1139 1836 1274 1873 sunt.
1341 1822 1669 1871 Ptolemaeus

127 1902 387 1970 plurimas
407 1899 561 1947 urbes
574 1934 587 1958 ,
608 1892 900 1944 Alexander
919 1894 1172 1941 maximas
1199 1892 1355 1956 cepit:
1376 1902 1671 1951 rursusque,

129 1987 263 2034 quas
311 1966 665 2023 distribuerat,
689 1987 692 1992 ·
713 1963 882 2027 copias
921 1961 1102 2009 iunxit.
1182 1958 1431 2024 Superato
1483 1951 1671 2002 deinde

129 2036 375 2103 Choaspe
397 2050 546 2082 amne
561 2068 574 2091 ,
614 2030 831 2079 Coenon
861 2028 914 2073 iu
935 2025 1199 2087 obsidione
1219 2026 1362 2087 urbis
1384 2023 1672 2087 opulentae,

129 2104 376 2154 Beziram
396 2100 594 2149 incolae
604 2106 803 2157 vocant,
823 2092 1049 2157 reliquit.
1116 2090 1229 2155 Ipse
1251 2090 1316 2138 ad
1335 2104 1566 2152 mazagas
1578 2103 1673 2135 ve·-

131 2173 229 2220 nit.
304 2170 487 2235 Nuper
505 2162 780 2223 Assacano,
803 2161 946 2209 cuius
959 2173 1175 2221 regnum
1188 2157 1369 2216 fuerat,
1382 2156 1682 2213 demortuo,

131 2238 344 2303 regioni
373 2233 593 2299 urbique
627 2238 858 2297 praeerat
893 2236 1058 2275 mater
1078 2224 1185 2271 eius
1207 2222 1479 2287 Cleophes.
1547 2220 1674 2268 Tri-

135 2308 280 2369 ginta
301 2303 470 2353 millia
489 2299 724 2368 peditum
745 2297 1020 2345 tuebantur
1039 2291 1241 2351 urbem,
1254 2308 1361 2338 non
1374 2291 1472 2337 situ
1484 2289 1671 2348 solum,

139 2372 230 2421 sed
253 2372 412 2422 etiam
433 2384 588 2433 opere
608 2365 880 2414 munitam.
935 2360 1070 2409 Nam
1090 2375 1189 2422 qua
1202 2368 1393 2422 spectat
1407 2357 1674 2431 orientem,

139 2440 370 2505 cingitur
389 2452 552 2497 ⁸amne
571 2432 812 2491 torrenti,
853 2429 941 2494 qui
960 2425 1249 2493 praeruptis
1269 2423 1529 2486 utrimque
1550 2420 1674 2485 ripis

141 2504 351 2557 aditum
372 2504 436 2553 ad
455 2502 642 2551 urbem
660 2498 894 2563 impedit.
959 2493 1048 2543 Ad
1083 2492 1418 2548 occidentem,
1442 2499 1492 2537 et
1511 2505 1539 2534 a
1558 2499 1685 2538 med

140 2571 278 2623 ridie
300 2573 442 2621 velut
461 2569 524 2618 de
541 2566 964 2628 iudustria¹rupes
984 2563 1233 2627 praealtas
1256 2556 1502 2607 admolita
1522 2564 1677 2619 natu-

140 2657 200 2691 ra
221 2650 326 2699 est,
345 2636 484 2707 infra
497 2652 623 2703 quas
643 2650 882 2683 cavernae
903 2642 956 2679 et
973 2622 1237 2695 voragines
1256 2629 1411 2691 longa
1428 2632 1677 2673 vetustate
