2084 3009
614 138 719 209 L'I
759 159 798 207 B
835 160 879 209 E
914 158 954 209 Β
1026 160 1131 210 vr.
1569 170 1669 229 171

107 270 364 317 παῖσαι
377 258 602 325 regium
619 258 741 309 huie
761 258 936 310 decem
960 262 1201 311 satellites
1222 258 1509 327 traduntur,
1531 284 1663 333 quo-

102 347 246 384 rum
267 328 516 392 singulos
541 324 658 375 (leni
688 328 928 391 armigeri
959 330 1320 393 sequebantur.
1378 330 1423 381 Ii
1442 333 1508 382 ad
1540 337 1667 387 alio·

112 399 436 448 coniuratos
457 393 966 467 comprehendendos
987 396 1401 448 distributionum
1418 396 1665 465 Attarras,

114 483 250 515 cum
270 463 523 512 trecentis
545 460 611 511 ad
639 461 896 510 Philotam
926 464 1115 513 missus
1130 501 1144 525 ,
1215 466 1449 515 clausum
1470 468 1669 519 aditum

115 532 324 582 domus
346 529 688 589 moliebatur,
729 529 1095 595 quinquaginta
1116 526 1359 583 iuvenum
1371 537 1667 600 promtissi-

114 600 222 649 mis
250 598 500 663 stipatus.
601 594 738 645 Nam
759 608 948 645 ceteros
973 599 1175 663 cingere
1193 601 1423 666 undique
1446 602 1667 653 domum

116 668 366 728 iusserat,
391 681 458 723 ne
482 664 680 711 occulto
701 662 843 711 aditu
861 660 1085 714 Philotas
1108 679 1281 730 posset
1300 670 1449 719 elabi.
1484 668 1663 733 Illum,

116 734 230 782 sive
284 728 560 779 securitate
612 730 796 791 animi,
843 736 855 753 ⁴
873 732 976 781 sive
1017 732 1305 796 fatigatione
1355 738 1661 799 resolutum,

115 816 347 861 somnus
374 807 724 861 oppresserat3
762 813 918 861 quem
936 794 1166 847 Attarras
1185 813 1473 865 torpentem
1494 804 1663 853 adhuc

115 876 364 931 occupat.
412 862 651 912 Tandem
673 865 718 913 ei
738 880 922 928 sopore
945 864 1177 914 discusso
1198 884 1317 919 cum
1337 870 1663 920 iniicerentur

115 944 353 992 catenae;
381 925 547 989 Vicit,
563 931 742 995 inquit,
765 929 1069 983 bonitatem
1090 940 1258 993 tuam,
1280 950 1397 994 rex,
1420 935 1663 985 inimico·

115 1018 247 1049 rum
274 995 580 1048 acerbitas.
682 998 792 1047 Nec
810 998 958 1061 plura
983 1000 1218 1049 locutum
1240 1002 1401 1067 capite
1422 1002 1587 1051 velato
1606 1004 1662 1053 in

113 1068 327 1131 regiam
349 1063 632 1117 adducunt·
699 1064 912 1113 Postero
934 1065 1016 1114 die
1037 1084 1129 1116 rex
1149 1068 1333 1127 edixit,
1356 1084 1542 1119 omnes
1563 1084 1664 1119 ar-

118 1134 272 1185 mati
311 1130 544 1181 coirent.
639 1128 740 1181 Sex
777 1132 941 1191 millia
979 1134 1085 1183 fere
1125 1136 1355 1184 militum
1392 1148 1659 1187 venerant:

121 1212 397 1264 praeterea
415 1197 566 1247 turba
583 1197 804 1246 lixarum
833 1200 1173 1266 calonumque
1204 1204 1543 1268 impleverant
1569 1222 1659 1253 re·-

115 1268 282 1333 giam.
353 1263 614 1313 Philotam
643 1266 882 1329 armigeri
913 1268 1117 1330 agmine
1148 1286 1242 1317 suo
1273 1271 1533 1333 tegebant,
1590 1288 1657 1319 ne

39 1358 48 1363 ·
116 1346 241 1384 ante
263 1331 492 1398 conspici
512 1344 680 1397 posset
699 1351 728 1379 a
746 1333 926 1395 vulgo,
957 1350 1113 1398 quam
1133 1351 1225 1382 rex
1244 1336 1493 1383 allocutus
1514 1337 1659 1385 mili-

113 1413 194 1451 tes
220 1410 380 1450 esset.
446 1398 526 1447 De
549 1400 842 1464 capitalibus
863 1400 1016 1449 rebus
1049 1410 1277 1449 vestusto
1310 1400 1657 1451 Macedonum

114 1466 288 1519 modo
308 1466 598 1531 inquirebat
616 1466 860 1515 exercitus
877 1485 892 1515 .-
927 1468 980 1515 in
1001 1484 1142 1532 pace,
1166 1478 1272 1515 erat
1288 1466 1446 1529 vulgi.
1514 1466 1658 1519 Nihil

153 1546 352 1585 otestas
373 1549 555 1597 regum
573 1534 798 1594 valebat,
823 1534 919 1581 nisi
942 1536 1082 1599 prius
1102 1535 1348 1584 valuisset
1367 1535 1655 1585 auctoritas·

108 1555 285 1667 igitur
322 1600 555 1667 primum
592 1600 786 1668 Dymni
825 1599 1036 1653 cadaver
1072 1602 1316 1664 infertur,
1374 1603 1650 1668 plerisque,

112 1669 248 1737 quid
268 1672 564 1733 patrasset,'
585 1684 750 1731 quove
771 1668 889 1716 casu
910 1670 1185 1718 exstinctus
1207 1682 1356 1729 esset,
1376 1670 1583 1733 ignaris.

223 1732 389 1785 CAR·
411 1733 502 1783 IX.
589 1734 698 1783 Rex
737 1732 920 1800 deinde
960 1737 1014 1784 in
1061 1738 1364 1785 concionem
1380 1736 1648 1801 procedit,

113 1805 267 1854 vultu
290 1802 579 1868 praeferens
601 1800 840 1851 dolorem
861 1803 1036 1852 animi.
1118 1801 1421 1853 Amicorum
1474 1820 1645 1869 noque

115 1870 381 1920 moestitia
417 1870 848 1933 exspectationem
885 1870 1024 1919 haud
1072 1886 1284 1937 parvam
1321 1872 1395 1919 rei
1438 1822 1646 1919 {ecerat-

115 1936 224 1987 Diu
244 1954 338 1986 rex
359 1934 582 1983 demisso
603 1936 658 1985 in
676 1948 870 1986 terram
895 1940 1042 1987 vultu
1074 1940 1288 1987 attonito
1320 1938 1647 2000 stupentique

117 2005 304 2054 similis
324 2001 478 2051 stetit.
547 2002 784 2049 Tandem
801 2015 1008 2067 recepto
1026 2007 1219 2063 animo,
1239 2002 1444 2062 Paene,
1466 2002 1645 2065 inquit,

119 2070 350 2131 milites,
397 2080 702 2137 paucorum
730 2066 999 2117 hominum
1020 2068 1231 2119 scelere
1243 2066 1401 2118 vobis·
1422 2077 1648 2134 ereptus

118 2156 256 2189 eum.
342 2134 526 2200 Deam
561 2134 916 2201 providentia
965 2144 1023 2183 et
1078 2134 1451 2185 misericordia
1504 2134 1647 2195 nivo.

127 2205 574 2270 Conspectusque
592 2201 772 2251 vestri
789 2200 1125 2257 venerabilis
1146 2205 1327 2270 cogit,
1388 2212 1452 2251 ut
1476 2201 1645 2253 velze-

119 2271 358 2325 mentius
367 2268 676 2337 parricidis
696 2270 989 2328 irasceren·
1001 2268 1262 2337 quoniam
1272 2268 1521 2335 spiritu-5,
1543 2270 1646 2320 im·-

118 2358 202 2391 mo
222 2355 367 2389 unus
384 2336 538 2388 vitae
559 2354 712 2386 meae
717 2336 946 2404 fructus
969 2344 1083 2396 est,
1110 2343 1198 2384 tot
1198 2334 1645 2403 fortissimismiss

119 2407 200 2457 ris
210 2442 227 2466 ,
283 2414 342 2456 et
363 2404 431 2454 de
451 2420 534 2453 me
555 2404 756 2470 optime
777 2404 1013 2464 meritis,
1064 2402 1273 2471 referre
1294 2404 1479 2453 adhue
1491 2418 1643 2471 gra-

120 2474 254 2526 Ham
265 2488 453 2540 posse·
553 2471 830 2536 Interrupit
851 2472 1136 2520 orationem
1154 2471 1383 2520 militum
1401 2470 1641 2535 gemitus,

120 2542 428 2605 obortaeque
448 2549 567 2589 sunt
588 2538 828 2587 omnibus
845 2538 1103 2587 lacrimae.
1136 2537 1282 2586 Tum
1298 2552 1416 2597 rex,
1447 2533 1640 2600 Quan-

122 2614 201 2671 ta,
219 2607 384 2675 inquit
398 2642 415 2674 ‚
455 2604 716 2675 maiorem
737 2604 798 2659 in
817 2604 1018 2659 animis
1035 2603 1245 2656 vestris
1266 2609 1469 2653 motum
1488 2600 1639 2651 exea·-

1656 2724 1683 2733 ἢ
