2084 3009
327 98 343 107 “
414 112 645 172 SVPPL.
679 119 752 170 ιΝ
788 121 857 187 Q.
894 119 1210 175 CVRTIVM
1244 123 1308 172 L.
1337 123 1405 173 11.
1559 127 1663 184 399

144 231 251 284 set,
291 237 458 292 quam
476 222 597 288 ipse
604 220 879 290 facturus
900 231 1039 283 erat,
1063 239 1174 278 non
1191 223 1424 275 instruit
1445 223 1662 274 consul-

142 299 327 350 torem,
348 289 453 340 sed
472 289 697 358 decipit.
723 291 969 341 Ceterum
990 299 1054 340 ut
1079 299 1135 340 et
1156 290 1304 340 vobis
1327 291 1541 354 consilii
1559 308 1662 341 mei

142 359 285 409 ratio
294 365 504 423 pateat
512 376 537 416 ,-
576 367 787 408 certum
805 357 995 419 habeo,
1016 357 1162 407 nihil
1177 358 1354 408 minus
1374 359 1664 409 convenire

104 435 111 440 ’
143 423 305 476 rebus
341 423 495 486 meis,
536 441 703 493 quam
742 425 1073 476 dilationem.
1135 427 1309 484 Omni,
1347 443 1490 494 quae
1512 425 1663 474 circa

140 488 520 542 Macedoniam
540 491 686 551 colit,
706 491 969 542 barbarie
982 500 1214 558 pacata,
1257 493 1662 560 exstinctisque
1702 498 1706 502 '

144 559 475 610 Graecorum
493 559 746 622 motibus,
778 559 1152 628 fortissimum
1174 559 1660 624 florentissimum·-

134 641 235 695 que
253 627 555 675 exercitum
576 627 685 676 otio
706 636 763 677 et
795 627 1015 676 desidia
1028 649 1039 662 κ
1055 625 1234 677 dilabi
1251 627 1508 694 patimur
1517 648 1542 684 ,-
1585 641 1658 676 an

116 731 123 742 ,
130 695 320 760 potius
338 693 399 742 in
411 691 865 760 opulentissimas
876 695 1050 744 Asiae
1062 711 1122 744 re
1169 695 1322 755 iones
1337 693 1657 758 inducimus,

134 759 257 810 olim
270 759 681 826 possessionem
702 761 819 810 eius
842 777 937 826 spe
958 779 1110 828 comp
1133 780 1308 821 exam,
1331 772 1390 811 et
1404 762 1658 828 praemia

130 821 391 886 laborum,
412 844 551 894 quos
570 828 664 878 diu
684 827 787 877 sub
804 837 1124 895 patremeo,
1157 828 1355 880 de'c‘nde
1375 827 1531 880 nohis
1554 829 1659 878 im·-

124 893 457 964 perantihus
474 893 703 943 tertium
740 892 854 944 iam
882 911 1090 946 annum
1111 895 1387 958 exhausit,
1431 891 1499 947 ex·
1519 899 1656 946 Per-

130 977 315 1012 sarum
359 959 558 1027 spol-iis
596 961 989 1036 expetenteng?
1030 963 1240 1013 Novum
1279 963 1459 1012 adhue
1480 963 1656 1040 impe-

130 1027 268 1078 rium
286 1027 462 1078 Darii
477 1036 579 1084 est,
602 1037 659 1076 et
678 1027 977 1095 interfecto
986 1032 1204 1098 Bagou,
1219 1030 1379 1078 cuius
1393 1029 1566 1094 benefi
1574 1032 1656 1080 cio

129 1102 353 1164 regnat,
388 1093 743 1144 crudelitatis
766 1103 825 1144 et
844 1095 1273 1162 ingratitudinis
1291 1097 1654 1164 suspicionem

128 1161 281 1229 apud
308 1177 441 1212 suos
472 1161 733 1217 incurrit:
774 1180 917 1231 quae
944 1180 1035 1214 res
1063 1167 1296 1232 optimos
1317 1181 1517 1227 eorum,
1559 1164 1655 1234 qui

123 1236 343 1297 parent,
388 1228 509 1278 odio
538 1226 808 1279 adversus
840 1230 1170 1296 imperantes
1200 1231 1447 1298 implent,
1487 1241 1541 1281 et
1581 1231 1657 1282 ad

128 1295 393 1366 obsequia
413 1295 719 1365 segniores,
742 1305 845 1347 'aut
856 1299 1025 1348 etiam
1024 1300 1389 1368 praefractos
1401 1299 1654 1353 reddunt.

126 1363 407 1432 Numquid
424 1361 893 1430 sedebimus,3dum
904 1365 1124 1416 auctori
1126 1376 1216 1417 tas
1227 1366 1347 1432 eius
1367 1365 1657 1428 confirme-

122 1439 231 1494 tur,
254 1440 313 1481 et
336 1430 505 1480 rebus
525 1430 673 1480 domi
678 1449 787 1497 per
810 1433 981 1490 otium
1002 1433 1338 1500 compositis,
1371 1431 1516 1481 ultro
1538 1431 1654 1481 bel-

119 1498 235 1548 lum
256 1497 315 1548 in
336 1496 723 1548 Macedoniam
743 1497 1062 1566 transferat
1076 1500 1107 1549 P
1129 1499 1321 1550 Multa
1347 1497 1652 1549 celeritatis

112 1564 378 1632 praemia
398 1573 547 1628 sunt,
626 1583 729 1616 uae
768 1566 927 1619 nobis
964 1567 1306 1618 cessantibus
1339 1565 1416 1615 ad
1443 1565 1653 1616 hostem

112 1629 496 1699 pertinebunt.
531 1633 571 1680 12
604 1649 814 1702 agnum
848 1634 911 1683 in
950 1636 1215 1701 eiusmodi
1254 1633 1496 1703 negotiis
1534 1648 1656 1684 mo-

117 1708 366 1750 mentum
376 1707 507 1764 post
526 1717 582 1750 se
600 1700 778 1750 trahit
793 1702 979 1767 prima
1004 1703 1308 1752 animorum
1329 1701 1618 1752 inclinatio
1632 1719 1650 1750 .·

118 1773 190 1816 at
212 1761 315 1812 illa
336 1780 537 1831 semper
556 1769 852 1833 occupanti
862 1778 1076 1835 parata
1096 1778 1200 1818 est.
1261 1769 1472 1837 Quippe
1493 1785 1650 1819 nemo
1729 1813 1746 1824 ,

117 1837 456 1882 cunctanter
466 1839 682 1912 appetit
682 1833 952 1900 fortioris
968 1837 1218 1904 gratiam
1233 1856 1250 1886 :
1261 1853 1433 1905 porro
1440 1836 1652 1904 fortior

110 1897 366 1950 habetur
383 1935 397 1960 ,
456 1915 551 1968 qui
587 1901 767 1971 infert
806 1903 1025 1962 bellum,
1087 1922 1250 1972 quam
1280 1905 1390 1972 *qui
1424 1905 1650 1970 excipit.

170 1973 356 2014 uanto
406 1973 593 2016 autem
618 1971 623 1975 ’
650 1970 1084 2020 existimationis
1137 1981 1364 2020 nostrae
1404 1970 1650 2034 periculo

105 1965 383 2100 pallemus
422 2049 575 2100 spem
614 2050 824 2095 eorum,
866 2037 966 2104 qui
1012 2034 1453 2084 adolescentibus
1493 2035 1650 2086 nobis

110 2117 240 2152 eum
260 2098 523 2150 honorem
544 2101 905 2180 deferendum
926 2102 1330 2161 iudicauerunt,
1355 2119 1511 2168 quem
1530 2118 1648 2152 ma·-

109 2167 301 2216 ximus
321 2167 637 2234 imperator,
647 2179 820 2236 pater
841 2187 989 2220 meus
1003 2206 1015 2230 ,
1049 2179 1185 2234 post
1205 2179 1288 2218 tot
1307 2169 1528 2218 virtutis
1549 2187 1649 2220 ex·-

106 2235 434 2300 perimenta
444 2233 641 2302 paullo
660 2246 792 2286 ante
814 2233 1036 2286 obitum!
1037 2235 1321 2286 obtinuit?
1362 2237 1485 2285 Non
1507 2238 1647 2287 enim

110 2301 245 2350 ideo
272 2303 605 2351 Graecorum
636 2303 923 2354 concilium
952 2305 1238 2370 imperium
1268 2302 1424 2354 nobis
1455 2304 1647 2354 decre-

108 2367 215 2428 vit,
262 2377 327 2418 ut
346 2369 405 2417 in
422 2370 763 2421 Macedonia
785 2371 1021 2430 desides,
1064 2379 1120 2420 et
1139 2371 1366 2441 ignauis
1387 2369 1647 2436 volupta-
1683 2369 1687 2376 '

43 2457 50 2464 ·
109 2434 273 2485 tibus
293 2435 529 2496 addicti,
552 2436 931 2489 iniuriasolim
952 2447 1008 2487 et
1019 2455 1196 2504 nuper
1217 2440 1428 2487 Graeco
1441 2435 1648 2487 nomini

106 2500 316 2567 illatas
336 2503 753 2572 negligeremus
766 2525 783 2554 .·
806 2507 909 2556 sed
927 2515 992 2554 ut
1014 2522 1211 2567 eorum,
1235 2523 1373 2574 quae
1382 2519 1490 2570 per
1507 2521 1648 2553 sume

108 2585 265 2618 mam
280 2571 606 2637 superbiam
624 2574 864 2638 improbe
886 2582 942 2622 et
954 2572 1280 2638 petulanter
1303 2573 1360 2622 in
1380 2589 1480 2622 nos
1502 2589 1641 2621 com—
