2084 3009
364 242 367 243 γ
442 197 671 254 SVPPL.
692 198 769 252 IN
790 199 855 266 Q
876 198 1192 256 CVRTIVM
1209 199 1272 251 L.
1289 199 1360 252 11.
1525 247 1530 252 .
1563 203 1666 265 437

132 305 489 367 minissetque,
532 320 586 351 se
617 303 791 352 matris
821 304 981 352 literis
1014 304 1161 353 anxie
1183 305 1458 364 monittun,
1499 314 1562 356 ut
1593 305 1666 358 ab

132 373 236 424 boc
255 371 467 421 homine
488 369 599 420 sibi
620 365 873 431 caveret}
910 370 1040 418 nibil
1061 373 1194 420 ultra
1215 371 1668 430 differendumya-

131 453 234 501 tus,
269 438 521 502 quidfieri
540 439 721 500 vellet,
759 437 1088 486 Parmenioni
1118 439 1387 502 significat:
1429 457 1566 502 nam,
1607 455 1668 492 ut

132 505 360 556 diximus
384 541 398 566 ,
460 521 580 554 cum
618 507 733 569 ipso
772 505 827 552 iu
864 504 1140 570 Phry-giam
1189 507 1348 555 iverat
1385 506 1662 574 Lyncestes

128 572 445 624 Alexander.
492 571 599 621 Sed
618 589 681 620 ne
700 587 801 636 quo
824 589 939 620 casu
960 574 1235 632 consilium
1255 574 1384 638 regis
1403 591 1589 642 parum
1607 576 1664 626 in

129 654 369 706 tempore
398 638 719 704 proderetur,
755 639 927 688 literas
968 641 1125 688 scribi
1163 659 1270 690 non
1310 643 1528 706 placuit3
1569 640 1665 692 sed.

126 725 227 774 per
244 707 515 755 hominem
534 704 699 755 fidum
729 718 879 771 atque
909 706 1226 756 honoratum
1265 707 1506 757 mandata
1534 726 1662 775 per-

125 775 273 825 ferri.
331 772 546 827 Electus
586 785 661 820 est
696 769 1052 838 Amphoterus
1093 773 1288 824 Crateri
1328 776 1511 824 frater:
1570 775 1663 840 qui

125 857 250 890 cum
269 839 661 888 Macedonicum
682 839 911 888 habitum
932 840 1154 906 Phrygio
1173 853 1435 902 mutasset,
1457 859 1662 891 assum-

126 909 194 960 tis
215 905 559 969 Pergensibus
584 907 781 969 aliquot
809 906 1003 954 itineris
1033 909 1218 968 gnaris,
1261 906 1325 955 ad
1352 904 1660 958 Parmenio-

123 991 255 1026 nem
278 974 507 1027 occultus
528 984 776 1037 penetrat.
851 972 929 1020 Ita
946 969 1240 1022 Alexander
1257 974 1662 1038 comprehendi·-

124 1054 241 1092 tur:
284 1052 474 1104 etcum
496 1041 563 1088 ob
582 1050 811 1088 veterem
842 1056 991 1087 suam
1008 1039 1333 1103 familiaeque
1356 1040 1660 1104 dignitatem

130 1121 185 1158 et
204 1108 421 1171 gratiam
444 1106 533 1154 diu
556 1105 739 1154 dilatus
762 1116 915 1168 esset,
954 1107 1104 1155 tertio
1134 1117 1253 1171 post
1281 1124 1435 1168 anno,
1481 1107 1609 1156 dum
1629 1127 1660 1159 a

124 1175 365 1226 Philotae
386 1175 599 1222 consciis
620 1175 932 1244 supplicium
950 1175 1185 1236 sumitur,
1223 1174 1457 1224 societate
1479 1177 1660 1224 crimi-

124 1243 227 1302 nis,
248 1255 299 1290 et
316 1259 483 1307 poena
504 1241 733 1290 sontium
752 1242 809 1290 in
832 1239 1045 1290 exitium
1065 1241 1304 1307 abreptus
1329 1243 1498 1306 periit.
1533 1243 1660 1307 Regi
1691 1303 1703 1309 ¹

120 1326 195 1360 ex
214 1307 481 1364 Phaselide
500 1309 759 1369 moventi,
798 1324 955 1371 supra
986 1307 1208 1372 detectas
1235 1308 1444 1358 insidias
1474 1311 1659 1376 propi-

122 1377 233 1426 tius
257 1376 485 1425 numinis
507 1375 650 1424 favor
670 1376 771 1422 alio
793 1374 966 1423 statim
988 1375 1236 1424 beneficio
1257 1375 1438 1440 patuit.
1462 1393 1494 1430 ⁴„
1507 1374 1658 1426 Parte

126 1445 383 1493 exercitus
404 1441 471 1492 ad
490 1441 829 1506 Pergensium
852 1443 1038 1490 urbem
1058 1459 1152 1506 per
1170 1453 1376 1491 montes
1404 1443 1660 1506 praemis-

122 1527 199 1572 sa,
242 1523 435 1559 ceteros
466 1510 573 1574 ipse
605 1527 699 1574 per
728 1511 849 1576 litus
882 1507 1116 1572 ducebat,
1157 1527 1258 1575 qua
1276 1507 1477 1558 Climax
1503 1526 1658 1558 mons

120 1575 435 1642 Pamphylio
456 1577 588 1642 mari
608 1577 902 1638 imminens,
945 1588 1218 1641 angustam
1239 1578 1472 1628 euntibus
1493 1577 1659 1625 semi-

123 1656 237 1694 tam
258 1645 520 1708 relinquit,
562 1645 759 1707 quoties
780 1661 923 1692 mare
944 1647 1287 1708 tranquillum
1315 1655 1415 1705 est3
1455 1655 1507 1692 at
1535 1660 1658 1694 cum

123 1724 298 1762 aestus
318 1710 567 1772 incubuit,
606 1712 845 1761 fluctibus
878 1711 1135 1776 operitur:
1173 1709 1329 1776 idque
1359 1711 1526 1767 hieme
1546 1711 1660 1759 fre.-

122 1795 295 1845 quens
334 1789 383 1826 et
412 1793 571 1842 prope
601 1789 911 1842 perpetuum
943 1787 1034 1825 est.
1086 1775 1157 1827 At
1173 1776 1483 1840 Alexander,
1524 1777 1659 1829 nihil

121 1860 292 1910 aeque
326 1860 385 1892 ac
398 1857 607 1892 ‘moram
626 1857 877 1905 metuens,
919 1845 1200 1892 exercitum
1229 1862 1322 1909 per
1352 1862 1406 1892 ae
1445 1863 1526 1905 ua,
1563 1861 1658 1910 per

119 1914 319 1976 iniqua,
340 1909 527 1960 eodem
547 1911 729 1960 ardore
750 1923 899 1976 atque
920 1911 1117 1975 impetu
1137 1913 1382 1978 rapiebat.
1411 1863 1658 1962 {ontinui
1696 1947 1705 1954 -

122 1995 221 2044 per
244 1995 329 2028 eos
352 1977 459 2028 dies
476 1979 635 2026 austri
654 1981 911 2037 flaverant,
953 1979 1041 2040 qui
1061 1994 1202 2026 mare
1224 1980 1277 2026 in
1297 1980 1421 2026 litus
1441 1979 1656 2043 propel-

124 2045 311 2102 lentes,
351 2044 526 2093 omnia
546 2043 739 2090 itineris
760 2044 967 2106 vestigia
988 2043 1102 2092 altis
1120 2043 1394 2109 paludibus
1418 2046 1656 2109 opplent:

123 2109 361 2160 assiduae
382 2112 539 2160 etiam
556 2125 873 2176 magnaeque
894 2110 1113 2176 pluviae,
1144 2121 1203 2159 ut
1229 2110 1392 2158 ventis
1414 2111 1523 2160 istis
1545 2112 1656 2176 spi-

120 2179 357 2230 rantibus
398 2179 543 2240 solet‚
582 2178 816 2228 ruebant.
870 2175 977 2225 Sed
1016 2176 1318 2226 adventante
1356 2174 1654 2226 Alexandro

122 2244 301 2296 subito
324 2257 529 2294 exortus
552 2245 725 2310 aquilo
750 2245 954 2293 coelum
972 2244 1207 2307 purgavit
1239 2243 1508 2306 imbribus,
1549 2261 1655 2292 un-

122 2311 219 2361 das
242 2312 415 2360 reiecit
435 2313 485 2360 in
506 2309 665 2372 mare,
687 2323 739 2360 et
756 2309 1128 2359 Macedonibus
1150 2309 1421 2358 transitum
1443 2311 1652 2376 aperuit.
1681 2305 1692 2314 ’

120 2379 215 2430 Sic
246 2395 449 2442 quoque
480 2379 633 2428 unius
664 2377 767 2427 diei
795 2378 973 2426 itinere
1002 2395 1095 2442 per
1115 2377 1308 2426 incerta
1324 2376 1455 2426 vada
1480 2392 1652 2426 emer-

118 2445 351 2510 gendum
372 2447 483 2506 fuit,
524 2462 655 2509 aqua
684 2444 752 2493 ad
778 2443 1091 2492 umbilicum
1119 2445 1280 2492 ferme
1310 2444 1649 2508 pertingente..

122 2515 351 2561 Tantam
370 2514 424 2559 in
444 2513 685 2576 periculis
704 2509 989 2562 Alexandri
1010 2511 1276 2572 fiduciam,
1314 2521 1372 2559 ut
1400 2511 1463 2559 ab
1494 2511 1648 2576 ipsius

120 2580 331 2642 iugenio
352 2578 637 2644 profectam
655 2596 761 2628 non
792 2579 1003 2644 dubit03
1041 2580 1113 2629 ita
1140 2577 1493 2644 frequentibus
1521 2593 1650 2642 pro·-
1690 2587 1696 2601 ¹
