2084 3009
920 26 949 57 D

574 209 919 263 LIBER
984 209 1161 263 vm.
1245 180 1260 186 ’
1527 216 1630 273 227

106 310 362 376 ingressus
382 309 606 383 agitari
624 311 863 382 undique
866 308 1039 378 jeraa
1060 304 1235 363 iussit.
1335 312 1480 363 Inter
1509 330 1632 379 quas

107 396 228 429 cum
256 382 339 429 leo
368 380 735 446 magnitudinis
765 396 909 428 rarae
944 381 1117 446 ipsum
1151 392 1331 444 regem
1365 380 1633 429 invasurus

104 447 407 510 incurreret3
466 448 602 497 forte
641 444 1003 515 Lysimachus,
1043 448 1133 513 qui
1175 459 1354 513 postea
1390 448 1635 511 regnavit,-

100 515 371 583 proximus
380 513 694 576 Alexandro,
712 514 1031 565 venabulum
1053 514 1276 565 obiicere
1288 515 1425 565 ferae
1446 530 1633 579 coepe·-

100 593 198 632 rat.
266 582 387 648 Quo
406 600 500 633 rex
518 584 727 651 repulso
740 618 755 644 ,
796 594 845 631 et
866 580 1022 631 abire
1042 584 1201 645 iusso,
1241 581 1442 641 adiecit,
1463 589 1581 630 tam
1599 596 1637 630 a
1670 628 1674 635 ,

100 657 277 701 semet
296 666 406 699 uno
426 666 590 717 quam
608 666 645 700 a
666 649 993 717 Lysimacho
1011 647 1222 701 leonem
1244 647 1628 715 interficipos-

98 734 183 768 ae.
250 716 589 785 Lysimachus
629 720 770 768 enim
808 717 1077 785 quondam
1115 735 1238 768 cum
1274 728 1546 767 venaretur
1579 717 1638 765 in

97 784 266 851 Syria,
307 785 563 837 occiderat
597 787 815 837 eximiae
854 785 1224 853 magnitudinis
1265 786 1430 835 feram
1467 785 1634 835 solus:

94 851 192 903 sed
212 852 359 903 laevo
379 853 597 905 humero
618 870 781 921 usque
800 852 869 908 ad
890 872 1005 905 ossa
1028 856 1280 904 laceratus
1301 852 1367 902 ad
1387 854 1634 902 ultimum

94 920 311 985 periculi
330 934 646 986 pervenerat.
711 922 777 971 Id
796 924 971 989 ipsum
991 923 1311 989 exprobrans
1331 922 1379 973 ei
1397 937 1504 981 rex,
1524 920 1638 968 for-”-

95 988 216 1048 tius,
238 1004 396 1051 quam
415 989 620 1041 locutus
641 1002 733 1050 est,
758 990 893 1041 fecit.
961 991 1100 1042 Nam
1123 990 1288 1041 feram
1305 1006 1415 1039 non
1439 988 1640 1054 excepit
1670 1004 1678 1009 ·

94 1052 277 1115 mode,
300 1054 392 1105 sed
412 1058 567 1107 etiam
585 1076 693 1109 uno
713 1061 929 1110 vulnere
952 1058 1160 1109 occidit.
1215 1058 1487 1117 Fabulam,
1509 1072 1639 1121 quae

94 1120 363 1173 obiectum
382 1122 533 1176 leoni
549 1142 587 1176 a
604 1142 744 1199 rege
762 1125 1155 1193 Lysimachum
1178 1136 1376 1177 temere
1395 1124 1640 1189 vulgavit,
1677 1188 1684 1195 .

94 1190 162 1239 ab
186 1206 247 1238 eo
270 1208 414 1253 casu,
436 1210 598 1257 quem
618 1212 772 1261 supra
793 1195 1048 1259 diximus,
1071 1204 1242 1245 ortam
1263 1210 1375 1245 esse
1396 1190 1639 1243 credide-

96 1259 219 1307 rim.
256 1256 501 1309 Ceterum
520 1261 849 1324 Macedones,
870 1279 1188 1329 quamquam
1207 1266 1457 1329 'prospero
1481 1278 1640 1310 even-

94 1337 155 1373 tu
180 1322 451 1374 defunctus
473 1340 579 1375 erat
590 1324 901 1391 Alexander,
920 1340 1096 1379 tamen
1119 1331 1309 1378 scivere
1332 1330 1499 1394 gentis
1521 1344 1642 1375 suae

97 1407 267 1453 more,
288 1408 354 1441 ne
372 1392 532 1457 pedes
551 1405 852 1458 venaretur,
874 1407 962 1444 aut
980 1397 1091 1444 sine
1113 1395 1324 1444 delectis
1383 1395 1640 1459 rincipum

95 1460 512 1525 amicorumque.
619 1460 718 1511 Ille
741 1476 800 1510 Π
819 1464 1058 1515 millibus
1077 1462 1306 1517 serarum
1369 1462 1565 1522 eiectis,
1589 1462 1642 1508 in

97 1528 289 1579 eodem
328 1529 463 1579 saltu
501 1546 624 1579 cum
662 1542 777 1580 toto
813 1532 1039 1581 exercitu
1076 1532 1312 1597 epulatus
1351 1540 1447 1579 est.
1513 1526 1642 1578 Inde
1707 1558 1718 1563 —
1787 1542 1792 1546 ·

96 1593 411 1669 Maracanda
432 1597 661 1660 reditum
682 1590 785 1649 ebt:
826 1611 1135 1665 acceptaque
1155 1599 1330 1647 aetatis
1353 1595 1642 1647 excusatio-

94 1672 170 1713 ne·
184 1664 249 1714 ab
268 1662 546 1727 Artabazo,
585 1668 918 1731 provinciam
928 1666 1035 1717 eius
1057 1666 1277 1717 destinat
1299 1664 1458 1715 Clito.
1473 1694 1483 1709 ·.
1545 1662 1642 1713 Hic

94 1742 235 1794 erat,
289 1734 382 1797 qui
411 1734 550 1798 apud
573 1735 860 1784 Granicum
882 1752 1094 1786 amnem
1115 1733 1256 1784 nudo
1280 1734 1442 1799 capite
1461 1748 1639 1798 regem

96 1797 437 1849 dImicantem
460 1802 643 1867 clypeo
662 1818 759 1851 suo
780 1804 921 1865 texit,
948 1814 999 1853 et
1018 1803 1292 1853 Rhoesacis
1311 1816 1530 1851 manum
1552 1818 1640 1850 ca·-

92 1867 190 1935 piti
202 1869 334 1931 regis
355 1869 717 1921 imminentem
737 1870 908 1935 gladio
929 1872 1236 1937 amputavit:
1271 1882 1414 1922 vetus
1435 1868 1640 1933 Philip-

91 1936 150 2002 pi
162 1936 331 1995 miles,
346 1938 629 2003 multisque
642 1939 844 1989 bellicis
868 1941 1114 2005 operibus
1137 1941 1322 1989 clarus.
1357 1936 1640 1998 Hellanice,

96 2018 229 2067 quae
260 1999 621 2055 Alexandrum
654 2005 971 2070 educaverat,
995 2022 1148 2057 soror
1173 2008 1300 2069 eius,
1332 2004 1474 2057 haud
1494 2022 1642 2054 secus

96 2086 261 2134 quam
274 2080 605 2137 materarege
629 2072 957 2138 diligebatur.
980 2073 1065 2124 oh
1090 2074 1180 2125 has
1193 2090 1368 2125 causas
1380 2072 1642 2126 validissi-

96 2140 246 2186 inam
277 2137 479 2202 imperii
510 2152 712 2206 partem
740 2142 860 2192 fidei
893 2144 1001 2192 eius
1034 2144 1328 2209 tutelaeque
1362 2142 1647 2191 commisit.

94 2202 311 2270 Iamque
327 2204 647 2273 iterparare
659 2210 1430 2277 inposterumiussusstollemni
1444 2222 1496 2261 et
1505 2222 1639 2260 tem·

96 2273 293 2389 festivo
318 2272 592 2325 adhibetur
603 2279 857 2330 convivio,
886 2278 947 2328 In
959 2297 1062 2344 quo
1078 2297 1169 2330 rex
1180 2297 1299 2329 cum
1309 2280 1478 2329 multo
1495 2280 1638 2328 inca-

120 2342 281 2389 uisset
319 2358 481 2404 mero,
524 2344 835 2395 immodicus
876 2348 1177 2397 aestimator
1212 2347 1316 2411 sui,
1357 2348 1634 2407 celebrare,

99 2423 228 2472 quae
252 2420 490 2472 gesserat,
513 2415 706 2478 coepit3
738 2415 902 2479 gravis
924 2416 1078 2464 etiam
1101 2430 1282 2464 eorum
1301 2416 1525 2477 auribus,
1547 2414 1638 2479 qui

100 2475 392 2553 sentiebant
413 2494 533 2527 vera
554 2484 855 2531 memorari.
916 2481 1196 2533 Silentium
1217 2495 1392 2533 tamen
1413 2482 1636 2531 habuere

100 2557 327 2599 seniores
341 2581 355 2603 ‚
396 2544 563 2596 donec
581 2546 806 2616 Philippi
827 2566 908 2599 res
930 2568 1077 2599 orsus
1099 2553 1357 2612 obterere,
1401 2546 1638 2600 nobilem

100 2606 261 2687 opas!
290 2610 668 2666 Chaeroneam
694 2617 989 2668 victoriam·
1026 2618 1118 2666 eui
1149 2617 1332 2684 operis
1349 2615 1539 2686 fuisse
1559 2618 1636 2666 ia-

102 2686 285 2739 ctav1t3
344 2680 730 2753 ademtamque
777 2683 891 2735 sibi
939 2684 1297 2802 maligssitate
1337 2693 1394 2737 et
1429 2685 1636 2736 invidio

1190 2770 1221 2803 2
