2084 3009
584 151 1171 245 *LIBERLVL
1568 201 1669 257 161

150 315 277 369 quae
296 296 493 359 Bagoas
516 303 637 355 erat,
658 295 823 359 specie
843 294 1092 358 singulari
1116 293 1292 361 spado,
1314 306 1464 361 atque
1484 297 1538 345 in
1557 298 1671 363 ipso

147 369 273 431 flor}
292 362 567 431 pueritiae3
610 363 692 410 cui
713 373 762 410 et
778 362 963 409 Darius
984 362 1146 411 fuerat
1167 362 1406 413 adsuetus
1420 400 1444 429 ².
1477 376 1528 413 et
1545 381 1673 416 mox

146 430 443 485 Alexander
467 428 717 477 adsuevit:
771 430 976 493 eiusque
996 430 1222 479 maxime
1243 432 1478 496 precihus
1497 444 1670 480 motus

145 498 439 553 Nabarzani
456 492 666 560 ignovit.
730 496 873 556 Erat,
893 508 950 544 ut
970 514 1125 561 supra
1144 492 1452 559 dictum-est,
1473 496 1670 565 Hyrca-

146 569 258 618 niae
280 564 497 613 finitima
517 578 637 626 gens
670 560 1026 625 Amazonum,
1087 564 1219 614 circa
1249 564 1674 614 Thermodoonta

144 648 359 683 amnem
378 630 738 694 Themiscyrae
771 632 1108 679 incolentium
1127 627 1357 697 campos.
1423 632 1675 697 Reginam

144 700 406 750 habehant
420 696 727 745 Thalestrim
742 734 755 755 ‚
794 698 1031 745 omnibus
1055 699 1185 747 inter
1205 698 1491 749 Caucasum
1510 716 1673 749 mon-

144 781 253 818 tem
275 778 325 814 et
343 764 552 813 Phasim
572 780 775 811 amnem
798 764 1195 828 Imperitantem.
1261 765 1398 815 Haec
1434 767 1672 833 cupidine

141 832 347 885 visendi
367 832 499 895 regis
521 848 729 879 accensa
746 832 930 879 finibus
950 832 1095 893 regni
1117 832 1197 879 sui
1219 834 1458 895 excessit3
1481 845 1532 882 et
1551 850 1674 883 cum

140 900 281 952 haud
300 899 489 965 procul
511 898 734 960 abesset,
790 897 1057 961 praemisit
1077 896 1355 947 indicantes
1369 936 1383 961 ,
1451 900 1674 949 venisse

142 967 405 1036 reginam
444 964 695 1013 adeundi
732 963 855 1013 eiu-s·
906 964 1387 1033 cognoscendique
1435 966 1674 1015 avidam.

140 1036 385 1085 Protinus
408 1032 536 1081 facta
556 1043 804 1097 potestate
824 1030 1078 1095 veniendi,
1132 1034 1310 1082 ceteris
1332 1034 1478 1083 iussis
1500 1035 1675 1084 subsi-

142 1110 302 1163 stere,
347 1115 440 1147 ccc
461 1098 773 1148 seminarum
794 1099 1032 1151 comitata
1058 1102 1323 1165 processit.
1421 1098 1593 1169 Atque
1613 1114 1675 1151 ut

139 1170 377 1237 primum
396 1184 485 1216 rex
506 1168 561 1215 in
582 1178 854 1231 conspectu
874 1168 994 1229 fuit,
1053 1185 1185 1232 equo
1207 1169 1315 1233 ipsa
1335 1166 1531 1219 desiliit·
1544 1169 1672 1218 duas

142 1240 349 1287 lanceas
372 1232 551 1301 dextra
571 1234 879 1299 praeferens.
966 1287 975 1290 λ
994 1234 1165 1284 Vestis
1187 1252 1295 1284 non
1315 1246 1421 1285 toto
1439 1233 1674 1285 Amazo-

142 1321 275 1355 num
294 1318 515 1367 corpore
535 1300 835 1349 obducitur:
876 1316 1001 1347 nam
1018 1300 1164 1349 laeva
1182 1317 1297 1366 pars
1317 1302 1382 1350 ad
1402 1314 1578 1367 pectus
1599 1314 1675 1351 est

142 1368 283 1420 nuda
295 1404 313 1431 ‚
366 1382 530 1419 cetera
551 1366 739 1416 deinde
757 1367 1009 1415 velantur.
1091 1366 1206 1415 'Nec
1225 1378 1400 1416 tamen
1421 1368 1562 1415 sinus
1581 1384 1676 1415 ve-

142 1440 259 1498 stis,
303 1451 465 1501 quem
502 1433 641 1484 nodo
685 1434 962 1497 colligunt,
1004 1432 1138 1481 infra
1183 1448 1349 1498 genua
1397 1430 1679 1494 descendit.

84 1527 88 1529 ·
138 1504 325 1555 Alteri-a
356 1501 554 1569 papilla
582 1502 770 1550 intacta
806 1512 1048 1564 servatur,
1091 1517 1190 1566 qua
1217 1501 1486 1551 muliebris
1526 1516 1678 1549 sexus
1726 1512 1737 1521 ‘

137 1574 339 1623 liberos
361 1571 523 1629 alant3
568 1568 801 1617 aduritur
822 1567 1025 1629 dextra,
1042 1580 1104 1617 ut
1121 1585 1264 1619 arcus
1285 1570 1483 1619 facilius
1502 1570 1680 1618 inten-

140 1630 271 1689 dant
282 1675 298 1701 ,
324 1648 375 1687 et
393 1639 497 1685 tela
515 1636 735 1686 vibrent.
772 1634 1010 1684 Interrito
1030 1636 1180 1685 vultu
1198 1653 1377 1701 regem
1390 1636 1676 1685 Thalestris

139 1706 446 1757 intuebatur
459 1739 474 1764 ,
508 1702 751 1754 ‘habitum
771 1702 877 1751 eius
897 1700 1297 1769 haudquaquam
1315 1721 1491 1754 rerum
1511 1704 1677 1753 famae

138 1790 330 1841 parem
351 1771 514 1820 oculis
535 1770 864 1835 perlustrans.
950 1770 1154 1837 Quippe
1174 1770 1469 1822 hominibus
1489 1772 1679 1820 barba-

138 1843 211 1890 ris
234 1842 293 1889 in
318 1853 596 1902 corporum
616 1838 875 1885 maiestate
896 1840 1154 1887 veneratio
1182 1851 1294 1915 esti
1335 1854 1678 1903 magnorum-

145 1926 247 1973 que
272 1920 499 1970 operum
517 1921 623 1952 non
646 1905 771 1953 alios
792 1918 999 1970 capaces
1019 1909 1226 1970 putant,
1249 1924 1409 1973 quam
1429 1920 1558 1969 quos
1588 1920 1679 1951 ex-

141 1976 273 2024 imia
296 1972 467 2037 specie
490 1969 677 2031 donare
699 1973 879 2020 natu—ra
899 1970 1106 2034 dignata
1126 1984 1214 2021 est.
1330 1972 1574 2020 Ceterum
1593 1970 1689 2017 in-

141 2048 429 2103 terrogata,
450 2054 579 2087 num
597 2036 814 2105 aliquid
820 2042 1019 2105 pe'tere
1038 2034 1206 2087 vellet
1215 2053 1242 2096 ,⁶
1271 2036 1410 2088 haud
1431 2036 1680 2087 dubita-vit

140 2108 299 2159 fateri
312 2142 327 2168 ,
384 2104 465 2155 ad
484 2104 956 2155 communicandos
978 2120 1102 2153 cum
1122 2120 1258 2173 rege
1279 2101 1477 2153 liberos
1497 2120 1558 2153 se
1579 2120 1680 2156 ve-

143 2176 310 2225 nisse
324 2194 345 2226 .-
366 2172 601 2241 dignam
614 2209 627 2234 ,
650 2190 720 2221 ex
742 2188 856 2241 qua
876 2172 996 2238 ipse
1016 2170 1186 2241 regni
1199 2168 1499 2239 generaret
1517 2170 1680 2221 here-

144 2243 270 2293 des·
340 2239 622 2289 Feminim'
639 2256 807 2290 sexus
824 2256 883 2289 se
904 2247 1248 2289 retenturam
1259 2258 1284 2297 ,·
1325 2254 1530 2289 marem
1548 2238 1680 2288 reel-

145 2310 405 2360 dituram
416 2306 595 2373 patria
696 2304 1018 2367 Alexander,
1058 2322 1133 2356 an
1153 2322 1276 2356 cum
1295 2304 1412 2373 ipso
1433 2305 1676 2356 militare

138 2372 365 2426 vellet?
404 2376 702 2439 interrogat:
742 2384 793 2425 et
810 2375 925 2436 illa,
961 2386 1160 2423 causata
1188 2374 1312 2423 sine
1339 2373 1564 2423 custode
1586 2388 1678 2419 re-

139 2458 331 2513 gnum
347 2440 639 2510 reliquisse
653 2476 671 2502 ,
692 2452 865 2507 petere
882 2443 1259 2507 perseverabat,
1283 2458 1354 2492 ne
1379 2458 1439 2490 se
1460 2437 1678 2488 irritam

140 2509 281 2577 spei
292 2516 595 2577 pateretur
614 2507 783 2559 abire.
899 2506 1085 2558 Acrior
1105 2509 1172 2559 ad
1189 2510 1442 2561 Venerem
1461 2506 1678 2553 feminae

142 2577 345 2641 cupido
360 2612 375 2640 ,
416 2593 575 2643 quam
592 2576 741 2641 regis,
779 2586 839 2625 ut
855 2585 1045 2641 paucos
1069 2574 1176 2625 dies
1199 2572 1532 2642 subsisteret,·
1559 2586 1678 2633 per-

140 2642 308 2759 pugt.
360 2658 471 2693 1111
492 2644 617 2715 ,dies
648 2645 705 2694 in
734 2642 1043 2709 obsequium
1064 2640 1303 2758 desidefiii
1333 2637 1440 2689 eius
1461 2636 1680 2687 absume
1729 2651 1734 2657 ·

272 2724 500 2762 vnmvs.
1317 2743 1324 2749 ,
