2084 3009
475 172 539 227 10
892 158 1578 217 SVPPLEMEN'I'I

468 268 568 321 sibi
588 284 618 319 a
635 258 913 319 Demarato
934 264 1204 317 Corinthio
1225 264 1322 315 hae
1340 280 1524 315 eorum
1543 262 1799 319 discordia
1811 305 1826 331 ,
1899 285 1990 317 au·-

466 338 520 395 lo
538 346 659 404 post
694 336 877 385 multia
918 333 1158 401 precibus
1196 344 1343 395 aegre
1379 336 1654 387 revocavit.
1689 336 1833 385 Inter
1858 282 1992 385 {iaec

466 405 669 471 nuptias
692 400 994 471 Cleopatrae
1024 401 1162 449 filiae
1203 409 1256 450 et
1285 394 1568 463 Alexandri
1596 404 1766 469 {fratris
1801 401 1993 469 Olym-

502 470 656 535 iadis,
699 486 857 535 quem
873 470 1025 537 pulso
1045 465 1234 517 Arisba
1251 479 1428 531 regem
1445 464 1593 533 Epiri
1611 470 1827 532 fecerat,
1866 468 1993 519 Phi-

464 490 637 607 fippus
668 536 907 592 celebrat.
982 531 1108 585 Dies
1130 545 1238 585 erat
1255 549 1353 601 pro
1372 536 1744 597 magnificentia
1765 532 1994 587 duorum

466 604 673 671 regum,
695 616 752 655 et
769 604 1070 655 collocantis
1091 602 1276 663 filiam,
1299 612 1350 651 et
1368 614 1586 653 uxorem
1607 602 1866 665 ducentis,
1912 606 1992 653 in-

466 674 643 739 signis.
672 671 779 722 Sed
794 681 893 729 uec
911 669 1162 721 ludorum
1183 668 1446 719 celebritas
1468 667 1658 733 deerat,
1681 669 1749 722 ad
1767 688 1992 737 quorum

464 740 820 808 spectaculum
843 736 975 788 Phili
1013 754 1136 804 pus,
1177 750 1301 786 cnm
1318 736 1428 786 sine
1460 738 1766 790 custodibus
1789 738 1991 789 medius

466 808 600 859 iuter
618 805 750 857 duos
772 804 971 857 Alexan
1037 821 1122 868 os,
1151 804 1320 857 filium
1339 818 1709 871 generumque,
1739 804 1991 873 procede-

465 886 545 925 ret
557 910 571 935 ,
593 871 866 923 Pausanias
878 910 893 937 ,
912 873 1106 924 nobilis
1129 888 1192 922 ex
1208 869 1579 927 Macedonibus
1600 873 1800 922 nemini
1813 890 1993 941 suspe-

466 952 578 993 ctus
611 939 937 1002 adolescens,
980 950 1292 1009 occupatum
1325 940 1570 1003 angustiis
1609 938 1917 1006 Philippum
1947 941 1992 989 iu

467 1010 685 1059 transitu
724 1009 1073 1069 obtruncavit,
1113 1006 1357 1071 diemque
1395 1007 1616 1057 laetitiae
1665 1005 1994 1069 destinatum,

467 1074 681 1125 foedum
699 1076 845 1124 luctu
864 1075 1059 1125 funeris
1080 1073 1219 1125 fecit.
1259 1072 1358 1122 Hic
1375 1088 1505 1139 puer
1528 1086 1765 1141 stuprum
1781 1090 1881 1141 per
1915 1077 1994 1125 iu·
2038 1128 2039 1131 Ἴ

467 1143 656 1193 iuriam
672 1158 852 1209 passus
872 1142 937 1191 ab
956 1138 1134 1191 Attalo
1156 1141 1323 1191 fuerat
1339 1175 1354 1202 ,
1375 1142 1465 1206 qui
1485 1158 1609 1191 eum
1627 1143 1784 1192 etiam
1803 1153 1995 1208 postea,
2038 1138 2039 1141 ’

468 1221 719 1275 tanquam
736 1210 837 1259 vile
866 1218 1126 1271 scortum,
1181 1204 1385 1260 libidini
1406 1210 1739 1259 convivarum
1762 1209 1996 1260 subiecit.

469 1276 551 1327 De
568 1294 673 1343 quo
694 1274 933 1343 Philippo
954 1282 1265 1343 conquestus
1281 1311 1295 1337 ‚
1415 1276 1433 1322 i
1452 1277 1682 1325 multum
1702 1275 1924 1343 quidem
1945 1290 1998 1325 ex

470 1345 545 1395 rei
564 1334 885 1411 turpitudine.
906 1356 983 1394 est
1002 1356 1176 1393 motus
1189 1379 1203 1405 ‚
1225 1342 1318 1392 sed
1385 1343 1512 1391 ttalo
1525 1379 1539 1404 ,
1562 1344 1630 1393 ob
1654 1358 1902 1408 magnam
1923 1344 2000 1392 fa-

469 1413 837 1473 miliaritatem,
860 1418 911 1461 'et
930 1410 1073 1477 quod
1093 1410 1201 1459 eius
1217 1427 1379 1476 ‚opera
1397 1411 1524 1458 'tunc
1543 1420 1772 1460 uteretur
1784 1446 1798 1471 ,
1821 1421 1882 1460 ut
1902 1427 2001 1461 no-

472 1484 610 1530 ceret
628 1478 805 1529 induci
822 1478 961 1528 haud
980 1478 1167 1544 potuit.
1203 1476 1330 1527 Erat
1349 1476 1506 1525 etiam
1523 1474 1818 1538 Attalus,ob
1841 1474 2001 1527 Cleo·
2040 1507 2041 1513 ,

471 1557 701 1613 patram,
742 1546 979 1611 proxime
1011 1563 1040 1593 a
1068 1560 1190 1609 rege
1219 1544 1274 1592 in
1303 1544 1701 1595 matrimonium
1721 1556 2001 1611 acceptam,

472 1614 757 1663 arctissima
776 1612 822 1661 ei
841 1611 1045 1661 iunctus
1071 1612 1390 1675 cognatione,
1414 1612 1781 1678 copiarumque
1802 1613 1858 1662 in
1879 1612 2002 1661 Asi-

472 1696 559 1730 am
587 1680 985 1745 praemissarum
1014 1677 1122 1727 dux
1159 1678 1326 1727 fuerat
1359 1676 1614 1741 delectus;
1651 1681 1733 1731 vir
1763 1680 1820 1729 in
1845 1679 2002 1729 rebus

472 1747 673 1797 bellicis
693 1746 923 1811 egregiae
937 1744 1285 1795 fortitudini&
1352 1744 1554 1795 Idcirco
1583 1763 1676 1796 rex
1703 1744 1910 1813 potius,
1952 1754 2004 1794 ut

472 1811 753 1864 Pausaniae
792 1814 1028 1861 animum
1057 1813 1337 1860 iustissimo
1369 1812 1550 1863 dolore
1570 1814 1841 1864 incensum
1856 1814 2004 1863 mul-

478 1891 637 1942 ceret,
661 1889 737 1929 est
757 1872 996 1929 conatus:
1018 1877 1250 1945 datisque
1277 1877 1322 1926 ei
1343 1873 1542 1943 magnis
1561 1880 1867 1930 muneribus
1884 1918 1900 1944 ,
1923 1882 2004 1930 lo-

321 1940 331 1949 *
409 1945 415 1955 “
478 1964 539 1998 co
556 1947 765 2015 insuper
780 1944 1062 1996 honestiori
1085 1946 1216 1996 inter
1236 1945 1464 2011 corporis
1488 1945 1568 1993 sui
1589 1944 1828 2001 custodes
1843 1981 1858 2008 ,
1907 1947 2002 1997 ho-

472 2016 689 2064 noravit.
730 2012 837 2065 Sed
856 2014 944 2063 ine.
962 2012 1279 2079 implacabili
1299 2011 1482 2062 ardens
1504 2013 1604 2074 ir'a,
1627 2010 1868 2075 decrevit,
1895 2032 2000 2065 non

476 2092 676 2131 tantum
695 2080 758 2131 de
783 2098 843 2131 eo
856 2118 871 2144 ‚
912 2082 1002 2147 qui
1020 2082 1119 2130 sibi
1141 2080 1384 2129 iniuriam
1403 2075 1684 2142 intulisset,
1725 2076 1818 2129 sed
1838 2093 1893 2129 et
1915 2081 2000 2147 qui

473 2150 653 2198 ulcisci
672 2150 870 2200 illatam
888 2150 1164 2211 noluisset,
1185 2164 1409 2213 poenam
1427 2161 1650 2197 sumere.
1707 2146 1852 2197 Vixit
1871 2146 2002 2197 Phi·
2026 2154 2038 2193 1

472 2216 511 2265 li
552 2228 647 2281 pus
666 2233 826 2267 annos
847 2216 1066 2279 XLVII,
1086 2216 1318 2280 regnavit
1335 2213 1510 2276 XXV,
1531 2212 1890 2265 Macedonum
1915 2230 2004 2265 rex

473 2232 678 2334 xgffll:
700 2286 784 2335 cui
794 2285 1049 2335 maximae
1063 2299 1184 2349 opes
1199 2294 1342 2332 erant
1361 2283 1702 2331 instrumenta
1713 2281 2005 2343 bellorum3

472 2346 767 2401 divitiarum
805 2361 1018 2416 quaestu
1060 2366 1217 2415 quam
1256 2349 1484 2399 custodia
1523 2349 1793 2398 solertior:
1825 2350 2006 2417 itaque

458 2418 607 2467 inter
627 2417 946 2483 quotidianas
969 2419 1170 2483 rapinas
1193 2432 1398 2483 semper
1419 2418 1570 2489 inops
1593 2427 1716 2468 erat.
1787 2416 1896 2465 Mis
1905 2417 2008 2467 eri-

471 2485 647 2535 cordia
666 2487 720 2534 in
741 2500 801 2534 eo
824 2494 875 2532 et
892 2484 1103 2547 perfidia
1123 2485 1232 2550 pari
1255 2486 1365 2534 iure
1385 2483 1615 2533 dilectae.
1677 2482 1840 2534 Nulla
1865 2481 2006 2551 apud

473 2566 594 2601 eum
616 2564 669 2601 tu
734 2552 775 2600 is
794 2550 923 2599 ratio
940 2550 1207 2603 vincendi:
1245 2550 1467 2600 blandus
1493 2551 1684 2617 pariter
1705 2560 1754 2599 et
1776 2550 2008 2603 insidio-

472 2619 555 2668 u'us
576 2570 830 2685 allossuio:
852 2618 941 2685 qui
958 2620 1112 2685 plura
1129 2619 1476 2683 promitteret,
1497 2632 1656 2685 quam
1691 2628 2012 2685 praestaret:

696 2766 722 2782 Ο
