<?xml version="1.0" encoding="UTF-8"?>
<!DOCTYPE html PUBLIC "-//W3C//DTD XHTML 1.0 Transitional//EN"
    "http://www.w3.org/TR/xhtml1/DTD/xhtml1-transitional.dtd">
<html xmlns="http://www.w3.org/1999/xhtml" xml:lang="en" lang="en">
 <head>
  <title>
</title>
<meta http-equiv="Content-Type" content="text/html;charset=utf-8" />
  <meta name='ocr-system' content='tesseract 3.04.00' />
  <meta name='ocr-capabilities' content='ocr_page ocr_carea ocr_par ocr_line ocrx_word'/>
</head>
<body>
  <div class='ocr_page' id='page_1' title='image "./qcurtiirufihist00freigoog_0443.png"; bbox 0 0 2084 3009; ppageno 0'>
   <div class='ocr_carea' id='block_1_1' title="bbox 406 199 1550 270">
    <p class='ocr_par' dir='ltr' id='par_1_1' title="bbox 406 199 1550 270">
     <span class='ocr_line' id='line_1_1' title="bbox 406 199 1550 270; baseline -0.018 1"><span class='ocrx_word' id='word_1_1' title='bbox 406 211 509 270; x_wconf 78' lang='lat'>438</span> <span class='ocrx_word' id='word_1_2' title='bbox 803 207 848 259; x_wconf 86' lang='lat'>1.</span> <span class='ocrx_word' id='word_1_3' title='bbox 904 199 1550 259; x_wconf 73' lang='lat' dir='ltr'><strong>FREINSHEMII</strong></span> 
     </span>
    </p>
   </div>
   <div class='ocr_carea' id='block_1_2' title="bbox 391 303 1970 1308">
    <p class='ocr_par' dir='ltr' id='par_1_2' title="bbox 391 303 1970 1308">
     <span class='ocr_line' id='line_1_2' title="bbox 408 303 1964 374; baseline -0.005 -15"><span class='ocrx_word' id='word_1_4' title='bbox 408 311 558 374; x_wconf 71' lang='lat' dir='ltr'>«ligiis</span> <span class='ocrx_word' id='word_1_5' title='bbox 582 321 633 359; x_wconf 86' lang='lat' dir='ltr'>et</span> <span class='ocrx_word' id='word_1_6' title='bbox 656 307 915 366; x_wconf 79' lang='lat' dir='ltr'>ominibus</span> <span class='ocrx_word' id='word_1_7' title='bbox 937 317 1140 356; x_wconf 85' lang='lat' dir='ltr'>auctam</span> <span class='ocrx_word' id='word_1_8' title='bbox 1161 305 1614 368; x_wconf 73' lang='lat' dir='ltr'>confirmatamque</span> <span class='ocrx_word' id='word_1_9' title='bbox 1641 303 1808 352; x_wconf 82' lang='lat' dir='ltr'>fuisse</span> <span class='ocrx_word' id='word_1_10' title='bbox 1833 319 1964 352; x_wconf 80' lang='lat' dir='ltr'>cre-</span> 
     </span>
     <span class='ocr_line' id='line_1_3' title="bbox 406 371 1968 444; baseline -0.006 -18"><span class='ocrx_word' id='word_1_11' title='bbox 406 378 646 439; x_wconf 85' lang='lat' dir='ltr'>diderim,</span> <span class='ocrx_word' id='word_1_12' title='bbox 668 389 943 444; x_wconf 74' lang='lat' dir='ltr'><strong>postquam</strong></span> <span class='ocrx_word' id='word_1_13' title='bbox 965 373 1168 423; x_wconf 87' lang='lat' dir='ltr'>decreto</span> <span class='ocrx_word' id='word_1_14' title='bbox 1189 373 1430 434; x_wconf 83' lang='lat' dir='ltr'>numinis,</span> <span class='ocrx_word' id='word_1_15' title='bbox 1453 371 1746 420; x_wconf 82' lang='lat' dir='ltr'>clarissimis</span> <span class='ocrx_word' id='word_1_16' title='bbox 1769 372 1968 419; x_wconf 85' lang='lat' dir='ltr'>maxi-</span> 
     </span>
     <span class='ocr_line' id='line_1_4' title="bbox 409 436 1968 496; baseline -0.006 0"><span class='ocrx_word' id='word_1_17' title='bbox 409 447 523 496; x_wconf 86' lang='lat' dir='ltr'>mis‹</span> <span class='ocrx_word' id='word_1_18' title='bbox 546 463 610 494; x_wconf 88' lang='lat' dir='ltr'>ue</span> <span class='ocrx_word' id='word_1_19' title='bbox 630 446 784 494; x_wconf 88' lang='lat' dir='ltr'>rebus</span> <span class='ocrx_word' id='word_1_20' title='bbox 806 461 857 493; x_wconf 88' lang='lat' dir='ltr'>se</span> <span class='ocrx_word' id='word_1_21' title='bbox 884 442 1128 492; x_wconf 81' lang='lat' dir='ltr'>destinari</span> <span class='ocrx_word' id='word_1_22' title='bbox 1153 440 1384 489; x_wconf 83' lang='lat' dir='ltr'>coniecit.</span> <span class='ocrx_word' id='word_1_23' title='bbox 1417 436 1605 488; x_wconf 85' lang='lat' dir='ltr'><strong>Adhuc</strong></span> <span class='ocrx_word' id='word_1_24' title='bbox 1623 439 1676 486; x_wconf 87' lang='lat' dir='ltr'>in</span> <span class='ocrx_word' id='word_1_25' title='bbox 1695 437 1968 486; x_wconf 83' lang='lat' dir='ltr'>Macedo-</span> 
     </span>
     <span class='ocr_line' id='line_1_5' title="bbox 406 463 1970 578; baseline -0.006 -17"><span class='ocrx_word' id='word_1_26' title='bbox 406 513 494 562; x_wconf 85' lang='lat' dir='ltr'>nia</span> <span class='ocrx_word' id='word_1_27' title='bbox 514 463 717 576; x_wconf 77' lang='lat' dir='ltr'>degenti</span> <span class='ocrx_word' id='word_1_28' title='bbox 736 512 929 578; x_wconf 85' lang='lat' dir='ltr'>species</span> <span class='ocrx_word' id='word_1_29' title='bbox 950 509 1174 558; x_wconf 88' lang='lat' dir='ltr'>humana</span> <span class='ocrx_word' id='word_1_30' title='bbox 1205 507 1466 571; x_wconf 77' lang='lat' dir='ltr'>augustior</span> <span class='ocrx_word' id='word_1_31' title='bbox 1490 505 1788 570; x_wconf 73' lang='lat' dir='ltr'>apparuisse</span> <span class='ocrx_word' id='word_1_32' title='bbox 1813 504 1970 553; x_wconf 79' lang='lat' dir='ltr'>dici-</span> 
     </span>
     <span class='ocr_line' id='line_1_6' title="bbox 408 570 1970 642; baseline -0.005 -13"><span class='ocrx_word' id='word_1_33' title='bbox 408 591 506 642; x_wconf 83' lang='lat' dir='ltr'>tur,</span> <span class='ocrx_word' id='word_1_34' title='bbox 528 581 803 641; x_wconf 75' lang='lat' dir='ltr'>monentis,</span> <span class='ocrx_word' id='word_1_35' title='bbox 826 585 889 627; x_wconf 84' lang='lat' dir='ltr'>ut</span> <span class='ocrx_word' id='word_1_36' title='bbox 898 577 975 626; x_wconf 82' lang='lat' dir='ltr'>ad</span> <span class='ocrx_word' id='word_1_37' title='bbox 984 575 1340 626; x_wconf 76' lang='lat' dir='ltr'>evertendum</span> <span class='ocrx_word' id='word_1_38' title='bbox 1361 572 1643 639; x_wconf 81' lang='lat' dir='ltr'>imperium</span> <span class='ocrx_word' id='word_1_39' title='bbox 1655 570 1970 621; x_wconf 72' lang='lat' dir='ltr'>Persicum</span> 
     </span>
     <span class='ocr_line' id='line_1_7' title="bbox 404 639 1970 716; baseline -0.006 -21"><span class='ocrx_word' id='word_1_40' title='bbox 404 646 803 716; x_wconf 75' lang='lat' dir='ltr'><em>quamprimum</em></span> <span class='ocrx_word' id='word_1_41' title='bbox 824 648 883 694; x_wconf 83' lang='lat' dir='ltr'>in</span> <span class='ocrx_word' id='word_1_42' title='bbox 905 644 1100 696; x_wconf 70' lang='lat' dir='ltr'>Asiam</span> <span class='ocrx_word' id='word_1_43' title='bbox 1120 650 1473 711; x_wconf 73' lang='lat' dir='ltr'><em>sequeretur:</em></span> <span class='ocrx_word' id='word_1_44' title='bbox 1496 652 1648 705; x_wconf 88' lang='lat' dir='ltr'>atque</span> <span class='ocrx_word' id='word_1_45' title='bbox 1667 639 1724 686; x_wconf 89' lang='lat' dir='ltr'>in</span> <span class='ocrx_word' id='word_1_46' title='bbox 1743 655 1970 688; x_wconf 87' lang='lat' dir='ltr'>memo-</span> 
     </span>
     <span class='ocr_line' id='line_1_8' title="bbox 406 703 1966 772; baseline -0.005 -9"><span class='ocrx_word' id='word_1_47' title='bbox 406 715 539 763; x_wconf 85' lang='lat' dir='ltr'>riam</span> <span class='ocrx_word' id='word_1_48' title='bbox 562 715 805 762; x_wconf 86' lang='lat' dir='ltr'>insomnii</span> <span class='ocrx_word' id='word_1_49' title='bbox 824 723 1123 761; x_wconf 78' lang='lat' dir='ltr'>revocatum</span> <span class='ocrx_word' id='word_1_50' title='bbox 1145 726 1250 760; x_wconf 83' lang='lat' dir='ltr'>esse</span> <span class='ocrx_word' id='word_1_51' title='bbox 1270 725 1465 772; x_wconf 85' lang='lat' dir='ltr'>regem,</span> <span class='ocrx_word' id='word_1_52' title='bbox 1488 723 1608 756; x_wconf 89' lang='lat' dir='ltr'>cum</span> <span class='ocrx_word' id='word_1_53' title='bbox 1622 707 1676 754; x_wconf 88' lang='lat' dir='ltr'>ln</span> <span class='ocrx_word' id='word_1_54' title='bbox 1686 703 1966 756; x_wconf 81' lang='lat' dir='ltr'>Phoenice</span> 
     </span>
     <span class='ocr_line' id='line_1_9' title="bbox 409 775 1970 843; baseline -0.006 -13"><span class='ocrx_word' id='word_1_55' title='bbox 409 797 487 830; x_wconf 85' lang='lat' dir='ltr'>res</span> <span class='ocrx_word' id='word_1_56' title='bbox 505 789 722 843; x_wconf 82' lang='lat' dir='ltr'>gereret,</span> <span class='ocrx_word' id='word_1_57' title='bbox 759 781 909 829; x_wconf 83' lang='lat' dir='ltr'>obvio</span> <span class='ocrx_word' id='word_1_58' title='bbox 930 778 1248 826; x_wconf 87' lang='lat' dir='ltr'>Iudaeorum</span> <span class='ocrx_word' id='word_1_59' title='bbox 1275 775 1554 835; x_wconf 76' lang='lat' dir='ltr'>sacerdote,</span> <span class='ocrx_word' id='word_1_60' title='bbox 1595 775 1648 820; x_wconf 91' lang='lat' dir='ltr'>in</span> <span class='ocrx_word' id='word_1_61' title='bbox 1669 789 1774 836; x_wconf 89' lang='lat' dir='ltr'>quo</span> <span class='ocrx_word' id='word_1_62' title='bbox 1793 789 1970 822; x_wconf 84' lang='lat' dir='ltr'>reco-</span> 
     </span>
     <span class='ocr_line' id='line_1_10' title="bbox 391 840 1965 912; baseline -0.004 -17"><span class='ocrx_word' id='word_1_63' title='bbox 391 847 589 912; x_wconf 64' lang='lat' dir='ltr'>gnovit</span> <span class='ocrx_word' id='word_1_64' title='bbox 616 858 871 904; x_wconf 83' lang='lat' dir='ltr'>ornatum,</span> <span class='ocrx_word' id='word_1_65' title='bbox 902 861 1062 908; x_wconf 85' lang='lat' dir='ltr'>quem</span> <span class='ocrx_word' id='word_1_66' title='bbox 1082 844 1290 909; x_wconf 83' lang='lat' dir='ltr'>pridem</span> <span class='ocrx_word' id='word_1_67' title='bbox 1309 844 1363 890; x_wconf 88' lang='lat' dir='ltr'>in</span> <span class='ocrx_word' id='word_1_68' title='bbox 1385 843 1581 890; x_wconf 87' lang='lat' dir='ltr'>obiecta</span> <span class='ocrx_word' id='word_1_69' title='bbox 1605 840 1838 902; x_wconf 78' lang='lat' dir='ltr'>imagine</span> <span class='ocrx_word' id='word_1_70' title='bbox 1861 858 1965 906; x_wconf 85' lang='lat' dir='ltr'>per</span> 
     </span>
     <span class='ocr_line' id='line_1_11' title="bbox 411 905 1964 980; baseline -0.004 -18"><span class='ocrx_word' id='word_1_71' title='bbox 411 915 643 980; x_wconf 76' lang='lat' dir='ltr'>quietem</span> <span class='ocrx_word' id='word_1_72' title='bbox 656 911 873 962; x_wconf 69' lang='lat' dir='ltr'>viderat.</span> <span class='ocrx_word' id='word_1_73' title='bbox 927 910 1065 960; x_wconf 81' lang='lat' dir='ltr'>Nam</span> <span class='ocrx_word' id='word_1_74' title='bbox 1095 911 1229 957; x_wconf 87' lang='lat' dir='ltr'>inter</span> <span class='ocrx_word' id='word_1_75' title='bbox 1257 908 1584 960; x_wconf 84' lang='lat' dir='ltr'>obsidionem</span> <span class='ocrx_word' id='word_1_76' title='bbox 1604 905 1733 972; x_wconf 72' lang='lat' dir='ltr'>Tyri</span> <span class='ocrx_word' id='word_1_77' title='bbox 1765 907 1964 957; x_wconf 79' lang='lat' dir='ltr'>vicinis</span> 
     </span>
     <span class='ocr_line' id='line_1_12' title="bbox 410 974 1962 1045; baseline -0.005 -15"><span class='ocrx_word' id='word_1_78' title='bbox 410 981 619 1045; x_wconf 84' lang='lat' dir='ltr'>regibus</span> <span class='ocrx_word' id='word_1_79' title='bbox 648 979 959 1044; x_wconf 82' lang='lat' dir='ltr'>populisque</span> <span class='ocrx_word' id='word_1_80' title='bbox 984 975 1308 1024; x_wconf 82' lang='lat' dir='ltr'>deditionem</span> <span class='ocrx_word' id='word_1_81' title='bbox 1323 986 1374 1023; x_wconf 87' lang='lat' dir='ltr'>et</span> <span class='ocrx_word' id='word_1_82' title='bbox 1401 974 1630 1023; x_wconf 87' lang='lat' dir='ltr'>delectus</span> <span class='ocrx_word' id='word_1_83' title='bbox 1653 975 1962 1038; x_wconf 78' lang='lat' dir='ltr'>imperave-</span> 
     </span>
     <span class='ocr_line' id='line_1_13' title="bbox 411 1039 1960 1111; baseline -0.004 -16"><span class='ocrx_word' id='word_1_84' title='bbox 411 1059 506 1095; x_wconf 86' lang='lat' dir='ltr'>rat.</span> <span class='ocrx_word' id='word_1_85' title='bbox 544 1045 651 1095; x_wconf 88' lang='lat' dir='ltr'>Sed</span> <span class='ocrx_word' id='word_1_86' title='bbox 669 1046 862 1106; x_wconf 85' lang='lat' dir='ltr'>ludaei,</span> <span class='ocrx_word' id='word_1_87' title='bbox 899 1045 987 1108; x_wconf 89' lang='lat' dir='ltr'>qui</span> <span class='ocrx_word' id='word_1_88' title='bbox 1006 1041 1367 1111; x_wconf 77' lang='lat' dir='ltr'>Hierosolyma</span> <span class='ocrx_word' id='word_1_89' title='bbox 1387 1043 1638 1090; x_wconf 78' lang='lat' dir='ltr'>famosam</span> <span class='ocrx_word' id='word_1_90' title='bbox 1658 1039 1849 1088; x_wconf 85' lang='lat' dir='ltr'>urbem</span> <span class='ocrx_word' id='word_1_91' title='bbox 1863 1052 1960 1090; x_wconf 84' lang='lat' dir='ltr'>-te-</span> 
     </span>
     <span class='ocr_line' id='line_1_14' title="bbox 413 1108 1960 1173; baseline -0.004 -12"><span class='ocrx_word' id='word_1_92' title='bbox 413 1115 618 1173; x_wconf 76' lang='lat' dir='ltr'>nebant,</span> <span class='ocrx_word' id='word_1_93' title='bbox 638 1112 821 1160; x_wconf 81' lang='lat' dir='ltr'>foedus</span> <span class='ocrx_word' id='word_1_94' title='bbox 842 1127 964 1159; x_wconf 87' lang='lat' dir='ltr'>cum</span> <span class='ocrx_word' id='word_1_95' title='bbox 984 1110 1142 1158; x_wconf 88' lang='lat' dir='ltr'>Dario</span> <span class='ocrx_word' id='word_1_96' title='bbox 1166 1109 1368 1169; x_wconf 86' lang='lat' dir='ltr'>causati,</span> <span class='ocrx_word' id='word_1_97' title='bbox 1392 1108 1742 1157; x_wconf 80' lang='lat' dir='ltr'>Macedonum</span> <span class='ocrx_word' id='word_1_98' title='bbox 1762 1109 1960 1156; x_wconf 87' lang='lat' dir='ltr'>amici-</span> 
     </span>
     <span class='ocr_line' id='line_1_15' title="bbox 411 1175 1956 1240; baseline -0.003 -13"><span class='ocrx_word' id='word_1_99' title='bbox 411 1180 537 1228; x_wconf 87' lang='lat' dir='ltr'>tiam</span> <span class='ocrx_word' id='word_1_100' title='bbox 558 1177 923 1226; x_wconf 73' lang='lat' dir='ltr'>detrectabant.</span> <span class='ocrx_word' id='word_1_101' title='bbox 942 1178 1076 1224; x_wconf 87' lang='lat' dir='ltr'>Eam</span> <span class='ocrx_word' id='word_1_102' title='bbox 1089 1177 1250 1239; x_wconf 82' lang='lat' dir='ltr'>gentis</span> <span class='ocrx_word' id='word_1_103' title='bbox 1259 1177 1644 1224; x_wconf 79' lang='lat' dir='ltr'>contumaciam</span> <span class='ocrx_word' id='word_1_104' title='bbox 1655 1175 1956 1240; x_wconf 75' lang='lat' dir='ltr'>puniturus,</span> 
     </span>
     <span class='ocr_line' id='line_1_16' title="bbox 413 1240 1958 1308; baseline -0.003 -13"><span class='ocrx_word' id='word_1_105' title='bbox 413 1248 467 1294; x_wconf 88' lang='lat' dir='ltr'>in</span> <span class='ocrx_word' id='word_1_106' title='bbox 486 1245 727 1294; x_wconf 77' lang='lat' dir='ltr'>Iudaeam</span> <span class='ocrx_word' id='word_1_107' title='bbox 752 1244 935 1292; x_wconf 85' lang='lat' dir='ltr'>infesto</span> <span class='ocrx_word' id='word_1_108' title='bbox 958 1244 1162 1307; x_wconf 77' lang='lat' dir='ltr'>agmine</span> <span class='ocrx_word' id='word_1_109' title='bbox 1182 1243 1423 1308; x_wconf 83' lang='lat' dir='ltr'>perrexit.</span> <span class='ocrx_word' id='word_1_110' title='bbox 1475 1240 1549 1291; x_wconf 88' lang='lat' dir='ltr'>At</span> <span class='ocrx_word' id='word_1_111' title='bbox 1567 1243 1958 1308; x_wconf 75' lang='lat' dir='ltr'>Hierosolymi-</span> 
     </span>
    </p>
   </div>
   <div class='ocr_carea' id='block_1_3' title="bbox 328 1309 1957 1377">
    <p class='ocr_par' dir='ltr' id='par_1_3' title="bbox 328 1309 1957 1377">
     <span class='ocr_line' id='line_1_17' title="bbox 328 1309 1957 1377; baseline -0.002 -14"><span class='ocrx_word' id='word_1_112' title='bbox 328 1328 333 1334; x_wconf 85' lang='lat'>&#39;</span> <span class='ocrx_word' id='word_1_113' title='bbox 415 1315 535 1376; x_wconf 83' lang='lat' dir='ltr'>tani,</span> <span class='ocrx_word' id='word_1_114' title='bbox 572 1324 629 1362; x_wconf 91' lang='lat' dir='ltr'>ut</span> <span class='ocrx_word' id='word_1_115' title='bbox 647 1313 781 1377; x_wconf 83' lang='lat' dir='ltr'>regis</span> <span class='ocrx_word' id='word_1_116' title='bbox 802 1312 932 1360; x_wconf 84' lang='lat' dir='ltr'>iram</span> <span class='ocrx_word' id='word_1_117' title='bbox 963 1310 1199 1372; x_wconf 71' lang='lat' dir='ltr'>lenirent,</span> <span class='ocrx_word' id='word_1_118' title='bbox 1241 1326 1362 1358; x_wconf 87' lang='lat' dir='ltr'>cum</span> <span class='ocrx_word' id='word_1_119' title='bbox 1392 1311 1639 1360; x_wconf 79' lang='lat' dir='ltr'>uxoribus</span> <span class='ocrx_word' id='word_1_120' title='bbox 1670 1309 1957 1375; x_wconf 79' lang='lat' dir='ltr'>liberisque</span> 
     </span>
    </p>
   </div>
   <div class='ocr_carea' id='block_1_4' title="bbox 414 1377 1956 1714">
    <p class='ocr_par' dir='ltr' id='par_1_4' title="bbox 414 1377 1956 1714">
     <span class='ocr_line' id='line_1_18' title="bbox 416 1377 1956 1448; baseline -0.004 -18"><span class='ocrx_word' id='word_1_121' title='bbox 416 1382 673 1448; x_wconf 85' lang='lat' dir='ltr'>supplices</span> <span class='ocrx_word' id='word_1_122' title='bbox 699 1381 753 1429; x_wconf 86' lang='lat' dir='ltr'>in</span> <span class='ocrx_word' id='word_1_123' title='bbox 774 1395 1049 1429; x_wconf 85' lang='lat' dir='ltr'>occursum</span> <span class='ocrx_word' id='word_1_124' title='bbox 1068 1377 1314 1427; x_wconf 78' lang='lat' dir='ltr'>venientis</span> <span class='ocrx_word' id='word_1_125' title='bbox 1337 1377 1692 1427; x_wconf 80' lang='lat' dir='ltr'>effunduntur.</span> <span class='ocrx_word' id='word_1_126' title='bbox 1763 1377 1956 1426; x_wconf 74' lang='lat' dir='ltr'>Sacer-</span> 
     </span>
     <span class='ocr_line' id='line_1_19' title="bbox 417 1443 1956 1513; baseline -0.003 -14"><span class='ocrx_word' id='word_1_127' title='bbox 417 1449 561 1499; x_wconf 86' lang='lat' dir='ltr'>dotes</span> <span class='ocrx_word' id='word_1_128' title='bbox 582 1449 737 1513; x_wconf 85' lang='lat' dir='ltr'>primi</span> <span class='ocrx_word' id='word_1_129' title='bbox 758 1447 899 1497; x_wconf 80' lang='lat' dir='ltr'>ibant</span> <span class='ocrx_word' id='word_1_130' title='bbox 919 1445 1218 1494; x_wconf 81' lang='lat' dir='ltr'>tenuissima</span> <span class='ocrx_word' id='word_1_131' title='bbox 1238 1446 1390 1513; x_wconf 73' lang='lat' dir='ltr'>bysso</span> <span class='ocrx_word' id='word_1_132' title='bbox 1413 1445 1612 1493; x_wconf 82' lang='lat' dir='ltr'>amicti:</span> <span class='ocrx_word' id='word_1_133' title='bbox 1643 1443 1740 1493; x_wconf 82' lang='lat' dir='ltr'>hos</span> <span class='ocrx_word' id='word_1_134' title='bbox 1763 1443 1956 1494; x_wconf 83' lang='lat' dir='ltr'>deinde</span> 
     </span>
     <span class='ocr_line' id='line_1_20' title="bbox 414 1509 1952 1581; baseline -0.002 -17"><span class='ocrx_word' id='word_1_135' title='bbox 414 1517 641 1581; x_wconf 84' lang='lat' dir='ltr'>populus</span> <span class='ocrx_word' id='word_1_136' title='bbox 674 1514 896 1564; x_wconf 84' lang='lat' dir='ltr'>candido</span> <span class='ocrx_word' id='word_1_137' title='bbox 928 1524 982 1562; x_wconf 85' lang='lat' dir='ltr'>et</span> <span class='ocrx_word' id='word_1_138' title='bbox 1010 1514 1118 1578; x_wconf 85' lang='lat' dir='ltr'>ipse</span> <span class='ocrx_word' id='word_1_139' title='bbox 1138 1513 1324 1563; x_wconf 78' lang='lat' dir='ltr'>vestitu</span> <span class='ocrx_word' id='word_1_140' title='bbox 1345 1513 1671 1577; x_wconf 79' lang='lat' dir='ltr'>sequebatur·</span> <span class='ocrx_word' id='word_1_141' title='bbox 1741 1509 1952 1576; x_wconf 80' lang='lat' dir='ltr'>Agm&#39;en</span> 
     </span>
     <span class='ocr_line' id='line_1_21' title="bbox 414 1579 1954 1644; baseline -0.004 -12"><span class='ocrx_word' id='word_1_142' title='bbox 414 1583 635 1632; x_wconf 84' lang='lat' dir='ltr'>ducebat</span> <span class='ocrx_word' id='word_1_143' title='bbox 658 1581 865 1644; x_wconf 84' lang='lat' dir='ltr'>Iaddus,</span> <span class='ocrx_word' id='word_1_144' title='bbox 886 1596 1122 1630; x_wconf 83' lang='lat' dir='ltr'>summus</span> <span class='ocrx_word' id='word_1_145' title='bbox 1149 1589 1413 1628; x_wconf 81' lang='lat' dir='ltr'>sacrortun</span> <span class='ocrx_word' id='word_1_146' title='bbox 1433 1581 1656 1639; x_wconf 83' lang='lat' dir='ltr'>antistes,</span> <span class='ocrx_word' id='word_1_147' title='bbox 1697 1595 1821 1628; x_wconf 86' lang='lat' dir='ltr'>cum</span> <span class='ocrx_word' id='word_1_148' title='bbox 1844 1579 1954 1628; x_wconf 84' lang='lat' dir='ltr'>sol-</span> 
     </span>
     <span class='ocr_line' id='line_1_22' title="bbox 416 1645 1952 1714; baseline -0.003 -16"><span class='ocrx_word' id='word_1_149' title='bbox 416 1649 577 1699; x_wconf 87' lang='lat' dir='ltr'>lemni</span> <span class='ocrx_word' id='word_1_150' title='bbox 602 1660 801 1698; x_wconf 85' lang='lat' dir='ltr'>ornatu.</span> <span class='ocrx_word' id='word_1_151' title='bbox 856 1645 1334 1714; x_wconf 77' lang='lat' dir='ltr'>Appropitiquantis</span> <span class='ocrx_word' id='word_1_152' title='bbox 1372 1662 1596 1712; x_wconf 83' lang='lat' dir='ltr'>pompae</span> <span class='ocrx_word' id='word_1_153' title='bbox 1624 1658 1952 1700; x_wconf 80' lang='lat' dir='ltr'>venustatem</span> 
     </span>
    </p>
   </div>
   <div class='ocr_carea' id='block_1_5' title="bbox 414 1713 2059 1782">
    <p class='ocr_par' dir='ltr' id='par_1_5' title="bbox 414 1713 2059 1782">
     <span class='ocr_line' id='line_1_23' title="bbox 414 1713 2059 1782; baseline -0.004 -17"><span class='ocrx_word' id='word_1_154' title='bbox 414 1718 743 1782; x_wconf 69' lang='lat' dir='ltr'>speciemque</span> <span class='ocrx_word' id='word_1_155' title='bbox 764 1716 979 1764; x_wconf 79' lang='lat' dir='ltr'>miratus</span> <span class='ocrx_word' id='word_1_156' title='bbox 996 1731 1106 1774; x_wconf 80' lang='lat' dir='ltr'>rex,</span> <span class='ocrx_word' id='word_1_157' title='bbox 1130 1730 1262 1778; x_wconf 81' lang='lat' dir='ltr'>equo</span> <span class='ocrx_word' id='word_1_158' title='bbox 1283 1713 1540 1774; x_wconf 84' lang='lat' dir='ltr'>desiliens,</span> <span class='ocrx_word' id='word_1_159' title='bbox 1571 1713 1714 1761; x_wconf 86' lang='lat' dir='ltr'>solus</span> <span class='ocrx_word' id='word_1_160' title='bbox 1735 1731 1954 1778; x_wconf 87' lang='lat' dir='ltr'>proces-</span> <span class='ocrx_word' id='word_1_161' title='bbox 2007 1741 2016 1746; x_wconf 97' lang='lat'>-</span> <span class='ocrx_word' id='word_1_162' title='bbox 2057 1755 2059 1766; x_wconf 88' lang='grc'>,</span> 
     </span>
    </p>
   </div>
   <div class='ocr_carea' id='block_1_6' title="bbox 361 1777 1952 2650">
    <p class='ocr_par' dir='ltr' id='par_1_6' title="bbox 361 1777 1952 2650">
     <span class='ocr_line' id='line_1_24' title="bbox 410 1777 1952 1847; baseline -0.002 -16"><span class='ocrx_word' id='word_1_163' title='bbox 410 1783 493 1843; x_wconf 73' lang='lat' dir='ltr'>sit,</span> <span class='ocrx_word' id='word_1_164' title='bbox 534 1781 848 1847; x_wconf 81' lang='lat' dir='ltr'>adoratoque</span> <span class='ocrx_word' id='word_1_165' title='bbox 868 1777 967 1830; x_wconf 82' lang='lat' dir='ltr'>Dei</span> <span class='ocrx_word' id='word_1_166' title='bbox 987 1781 1215 1842; x_wconf 86' lang='lat' dir='ltr'>nomine,</span> <span class='ocrx_word' id='word_1_167' title='bbox 1247 1781 1392 1844; x_wconf 85' lang='lat' dir='ltr'>quod</span> <span class='ocrx_word' id='word_1_168' title='bbox 1411 1796 1594 1828; x_wconf 84' lang='lat' dir='ltr'>aureae</span> <span class='ocrx_word' id='word_1_169' title='bbox 1616 1780 1842 1828; x_wconf 76' lang='lat' dir='ltr'>laminae</span> <span class='ocrx_word' id='word_1_170' title='bbox 1861 1781 1952 1828; x_wconf 86' lang='lat' dir='ltr'>in-</span> 
     </span>
     <span class='ocr_line' id='line_1_25' title="bbox 411 1847 1948 1913; baseline -0.003 -13"><span class='ocrx_word' id='word_1_171' title='bbox 411 1850 675 1913; x_wconf 72' lang='lat' dir='ltr'>sculptum</span> <span class='ocrx_word' id='word_1_172' title='bbox 694 1847 878 1896; x_wconf 83' lang='lat' dir='ltr'>cidaris</span> <span class='ocrx_word' id='word_1_173' title='bbox 898 1848 1156 1912; x_wconf 83' lang='lat' dir='ltr'>pontificia</span> <span class='ocrx_word' id='word_1_174' title='bbox 1176 1847 1521 1913; x_wconf 77' lang='lat' dir='ltr'>praeferebat,</span> <span class='ocrx_word' id='word_1_175' title='bbox 1543 1848 1719 1912; x_wconf 86' lang='lat' dir='ltr'>ipsum</span> <span class='ocrx_word' id='word_1_176' title='bbox 1739 1863 1948 1911; x_wconf 83' lang='lat' dir='ltr'>quoque</span> 
     </span>
     <span class='ocr_line' id='line_1_26' title="bbox 412 1914 1943 1978; baseline -0.004 -12"><span class='ocrx_word' id='word_1_177' title='bbox 412 1924 702 1966; x_wconf 80' lang='lat' dir='ltr'>reverenter</span> <span class='ocrx_word' id='word_1_178' title='bbox 720 1914 974 1960; x_wconf 82' lang='lat' dir='ltr'>salutavit.</span> <span class='ocrx_word' id='word_1_179' title='bbox 1010 1914 1299 1976; x_wconf 72' lang='lat' dir='ltr'>improvisa</span> <span class='ocrx_word' id='word_1_180' title='bbox 1319 1929 1400 1962; x_wconf 86' lang='lat' dir='ltr'>res</span> <span class='ocrx_word' id='word_1_181' title='bbox 1425 1916 1678 1975; x_wconf 87' lang='lat' dir='ltr'>omnium,</span> <span class='ocrx_word' id='word_1_182' title='bbox 1714 1915 1804 1978; x_wconf 81' lang='lat' dir='ltr'>qui</span> <span class='ocrx_word' id='word_1_183' title='bbox 1825 1929 1943 1961; x_wconf 86' lang='lat' dir='ltr'>cum</span> 
     </span>
     <span class='ocr_line' id='line_1_27' title="bbox 413 1977 1947 2041; baseline -0.003 -9"><span class='ocrx_word' id='word_1_184' title='bbox 413 1999 477 2032; x_wconf 75' lang='lat' dir='ltr'>eo</span> <span class='ocrx_word' id='word_1_185' title='bbox 499 1981 821 2040; x_wconf 79' lang='lat' dir='ltr'>advenerant,</span> <span class='ocrx_word' id='word_1_186' title='bbox 846 1977 1060 2026; x_wconf 82' lang='lat' dir='ltr'>&#39;animos</span> <span class='ocrx_word' id='word_1_187' title='bbox 1091 1977 1144 2025; x_wconf 92' lang='lat' dir='ltr'>in</span> <span class='ocrx_word' id='word_1_188' title='bbox 1173 1987 1438 2041; x_wconf 84' lang='lat' dir='ltr'>stuporem</span> <span class='ocrx_word' id='word_1_189' title='bbox 1467 1977 1630 2028; x_wconf 85' lang='lat' dir='ltr'>dedit.</span> <span class='ocrx_word' id='word_1_190' title='bbox 1684 1979 1861 2030; x_wconf 85' lang='lat' dir='ltr'>Iudaei</span> <span class='ocrx_word' id='word_1_191' title='bbox 1884 1997 1947 2028; x_wconf 86' lang='lat' dir='ltr'>ex</span> 
     </span>
     <span class='ocr_line' id='line_1_28' title="bbox 413 2045 1946 2116; baseline -0.002 -18"><span class='ocrx_word' id='word_1_192' title='bbox 413 2048 695 2116; x_wconf 89' lang='lat' dir='ltr'>propinqui</span> <span class='ocrx_word' id='word_1_193' title='bbox 727 2047 865 2096; x_wconf 80' lang='lat' dir='ltr'>exitii</span> <span class='ocrx_word' id='word_1_194' title='bbox 892 2055 1035 2096; x_wconf 84' lang='lat' dir='ltr'>metu</span> <span class='ocrx_word' id='word_1_195' title='bbox 1067 2062 1175 2093; x_wconf 89' lang='lat' dir='ltr'>non</span> <span class='ocrx_word' id='word_1_196' title='bbox 1196 2045 1250 2092; x_wconf 90' lang='lat' dir='ltr'>in</span> <span class='ocrx_word' id='word_1_197' title='bbox 1269 2060 1416 2109; x_wconf 86' lang='lat' dir='ltr'>spem</span> <span class='ocrx_word' id='word_1_198' title='bbox 1435 2046 1803 2095; x_wconf 82' lang='lat' dir='ltr'>incolumitatis</span> <span class='ocrx_word' id='word_1_199' title='bbox 1822 2064 1946 2095; x_wconf 89' lang='lat' dir='ltr'>mo-</span> 
     </span>
     <span class='ocr_line' id='line_1_29' title="bbox 416 2111 1946 2179; baseline -0.003 -13"><span class='ocrx_word' id='word_1_200' title='bbox 416 2117 501 2178; x_wconf 89' lang='lat' dir='ltr'>do,</span> <span class='ocrx_word' id='word_1_201' title='bbox 540 2116 632 2165; x_wconf 87' lang='lat' dir='ltr'>sed</span> <span class='ocrx_word' id='word_1_202' title='bbox 651 2115 943 2179; x_wconf 85' lang='lat' dir='ltr'>inopinatae</span> <span class='ocrx_word' id='word_1_203' title='bbox 963 2113 1148 2178; x_wconf 84' lang='lat' dir='ltr'>gratiae</span> <span class='ocrx_word' id='word_1_204' title='bbox 1167 2111 1408 2162; x_wconf 83' lang='lat' dir='ltr'>fiduciam</span> <span class='ocrx_word' id='word_1_205' title='bbox 1429 2114 1584 2162; x_wconf 86' lang='lat' dir='ltr'>erecti</span> <span class='ocrx_word' id='word_1_206' title='bbox 1605 2115 1946 2162; x_wconf 80' lang='lat' dir='ltr'>circumibant</span> 
     </span>
     <span class='ocr_line' id='line_1_30' title="bbox 414 2181 1937 2247; baseline -0.002 -14"><span class='ocrx_word' id='word_1_207' title='bbox 414 2199 608 2247; x_wconf 84' lang='lat' dir='ltr'>regem,</span> <span class='ocrx_word' id='word_1_208' title='bbox 643 2181 824 2230; x_wconf 80' lang='lat' dir='ltr'>laudes</span> <span class='ocrx_word' id='word_1_209' title='bbox 864 2182 1362 2246; x_wconf 82' lang='lat' dir='ltr'>gratulationemque</span> <span class='ocrx_word' id='word_1_210' title='bbox 1402 2192 1453 2228; x_wconf 88' lang='lat' dir='ltr'>et</span> <span class='ocrx_word' id='word_1_211' title='bbox 1492 2192 1612 2230; x_wconf 84' lang='lat' dir='ltr'>vota</span> <span class='ocrx_word' id='word_1_212' title='bbox 1649 2182 1937 2230; x_wconf 80' lang='lat' dir='ltr'>miscentes.</span> 
     </span>
     <span class='ocr_line' id='line_1_31' title="bbox 417 2244 1938 2312; baseline -0.002 -13"><span class='ocrx_word' id='word_1_213' title='bbox 417 2248 607 2299; x_wconf 84' lang='lat' dir='ltr'>Contra</span> <span class='ocrx_word' id='word_1_214' title='bbox 631 2244 887 2312; x_wconf 57' lang='lat' dir='ltr'>Sjrorum</span> <span class='ocrx_word' id='word_1_215' title='bbox 924 2249 1109 2312; x_wconf 84' lang='lat' dir='ltr'>reguli,</span> <span class='ocrx_word' id='word_1_216' title='bbox 1149 2248 1238 2311; x_wconf 87' lang='lat' dir='ltr'>qui</span> <span class='ocrx_word' id='word_1_217' title='bbox 1281 2247 1348 2295; x_wconf 91' lang='lat' dir='ltr'>ob</span> <span class='ocrx_word' id='word_1_218' title='bbox 1387 2247 1589 2296; x_wconf 83' lang='lat' dir='ltr'>crebras</span> <span class='ocrx_word' id='word_1_219' title='bbox 1630 2247 1938 2312; x_wconf 77' lang='lat' dir='ltr'>acerbasque</span> 
     </span>
     <span class='ocr_line' id='line_1_32' title="bbox 417 2311 1935 2374; baseline -0.004 -7"><span class='ocrx_word' id='word_1_220' title='bbox 417 2335 535 2368; x_wconf 85' lang='lat' dir='ltr'>cum</span> <span class='ocrx_word' id='word_1_221' title='bbox 569 2311 769 2364; x_wconf 84' lang='lat' dir='ltr'>Iudaeis</span> <span class='ocrx_word' id='word_1_222' title='bbox 808 2316 1091 2365; x_wconf 82' lang='lat' dir='ltr'>simultates</span> <span class='ocrx_word' id='word_1_223' title='bbox 1127 2313 1487 2363; x_wconf 77' lang='lat' dir='ltr'>Alexandrum</span> <span class='ocrx_word' id='word_1_224' title='bbox 1525 2316 1686 2363; x_wconf 85' lang='lat' dir='ltr'>secuti</span> <span class='ocrx_word' id='word_1_225' title='bbox 1723 2315 1935 2374; x_wconf 84' lang='lat' dir='ltr'>fuerant,</span> 
     </span>
     <span class='ocr_line' id='line_1_33' title="bbox 416 2381 1932 2450; baseline -0.004 -16"><span class='ocrx_word' id='word_1_226' title='bbox 416 2384 742 2434; x_wconf 77' lang='lat' dir='ltr'>inimicorum</span> <span class='ocrx_word' id='word_1_227' title='bbox 764 2383 1045 2450; x_wconf 85' lang='lat' dir='ltr'>suppliciis,</span> <span class='ocrx_word' id='word_1_228' title='bbox 1077 2395 1134 2432; x_wconf 87' lang='lat' dir='ltr'>ut</span> <span class='ocrx_word' id='word_1_229' title='bbox 1152 2383 1410 2440; x_wconf 85' lang='lat' dir='ltr'>rebantur,</span> <span class='ocrx_word' id='word_1_230' title='bbox 1447 2381 1618 2430; x_wconf 83' lang='lat' dir='ltr'>infesti</span> <span class='ocrx_word' id='word_1_231' title='bbox 1640 2382 1792 2430; x_wconf 81' lang='lat' dir='ltr'>animi</span> <span class='ocrx_word' id='word_1_232' title='bbox 1812 2381 1932 2428; x_wconf 84' lang='lat' dir='ltr'>libi-</span> 
     </span>
     <span class='ocr_line' id='line_1_34' title="bbox 416 2447 1934 2516; baseline -0.004 -15"><span class='ocrx_word' id='word_1_233' title='bbox 416 2451 592 2501; x_wconf 79' lang='lat' dir='ltr'>dinem</span> <span class='ocrx_word' id='word_1_234' title='bbox 614 2451 881 2516; x_wconf 83' lang='lat' dir='ltr'>expleturi,</span> <span class='ocrx_word' id='word_1_235' title='bbox 900 2451 1186 2515; x_wconf 84' lang='lat' dir='ltr'>stupebant,</span> <span class='ocrx_word' id='word_1_236' title='bbox 1208 2447 1365 2509; x_wconf 89' lang='lat' dir='ltr'>dubii,</span> <span class='ocrx_word' id='word_1_237' title='bbox 1385 2465 1571 2499; x_wconf 78' lang='lat' dir='ltr'>verane</span> <span class='ocrx_word' id='word_1_238' title='bbox 1594 2459 1772 2509; x_wconf 87' lang='lat' dir='ltr'>essent,</span> <span class='ocrx_word' id='word_1_239' title='bbox 1805 2461 1934 2512; x_wconf 81' lang='lat' dir='ltr'>quae</span> 
     </span>
     <span class='ocr_line' id='line_1_35' title="bbox 361 2511 1938 2581; baseline -0.001 -15"><span class='ocrx_word' id='word_1_240' title='bbox 361 2530 367 2537; x_wconf 94' lang='grc'><em>·</em></span> <span class='ocrx_word' id='word_1_241' title='bbox 414 2520 763 2577; x_wconf 82' lang='lat' dir='ltr'>intuerentur,</span> <span class='ocrx_word' id='word_1_242' title='bbox 812 2535 877 2566; x_wconf 87' lang='lat' dir='ltr'>an</span> <span class='ocrx_word' id='word_1_243' title='bbox 920 2517 1132 2581; x_wconf 84' lang='lat' dir='ltr'>aliquod</span> <span class='ocrx_word' id='word_1_244' title='bbox 1173 2516 1442 2565; x_wconf 88' lang='lat' dir='ltr'>oculorum</span> <span class='ocrx_word' id='word_1_245' title='bbox 1489 2515 1778 2566; x_wconf 83' lang='lat' dir='ltr'>ludibrium</span> <span class='ocrx_word' id='word_1_246' title='bbox 1812 2511 1938 2565; x_wconf 77' lang='lat' dir='ltr'>van&#39;a</span> 
     </span>
     <span class='ocr_line' id='line_1_36' title="bbox 419 2581 1938 2650; baseline -0.001 -16"><span class='ocrx_word' id='word_1_247' title='bbox 419 2583 639 2648; x_wconf 82' lang='lat' dir='ltr'>imagine</span> <span class='ocrx_word' id='word_1_248' title='bbox 660 2585 857 2648; x_wconf 82' lang='lat' dir='ltr'>sopitos</span> <span class='ocrx_word' id='word_1_249' title='bbox 877 2601 1054 2634; x_wconf 82' lang='lat' dir='ltr'>sensus</span> <span class='ocrx_word' id='word_1_250' title='bbox 1076 2585 1292 2635; x_wconf 83' lang='lat' dir='ltr'>falleret.</span> <span class='ocrx_word' id='word_1_251' title='bbox 1347 2584 1526 2650; x_wconf 82' lang='lat' dir='ltr'>Neque</span> <span class='ocrx_word' id='word_1_252' title='bbox 1554 2584 1728 2632; x_wconf 86' lang='lat' dir='ltr'>minus</span> <span class='ocrx_word' id='word_1_253' title='bbox 1762 2581 1938 2633; x_wconf 75' lang='lat' dir='ltr'>Mace·—</span> 
     </span>
    </p>
   </div>
  </div>
 </body>
</html>
