<?xml version="1.0" encoding="UTF-8"?>
<!DOCTYPE html PUBLIC "-//W3C//DTD XHTML 1.0 Transitional//EN"
    "http://www.w3.org/TR/xhtml1/DTD/xhtml1-transitional.dtd">
<html xmlns="http://www.w3.org/1999/xhtml" xml:lang="en" lang="en">
 <head>
  <title>
</title>
<meta http-equiv="Content-Type" content="text/html;charset=utf-8" />
  <meta name='ocr-system' content='tesseract 3.04.00' />
  <meta name='ocr-capabilities' content='ocr_page ocr_carea ocr_par ocr_line ocrx_word'/>
</head>
<body>
  <div class='ocr_page' id='page_1' title='image "./qcurtiirufihist00freigoog_0159.png"; bbox 0 0 2084 3009; ppageno 0'>
   <div class='ocr_carea' id='block_1_1' title="bbox 1538 0 1561 25">
    <p class='ocr_par' dir='ltr' id='par_1_1' title="bbox 1538 0 1561 25">
     <span class='ocr_line' id='line_1_1' title="bbox 1538 0 1561 25; baseline 0 0"><span class='ocrx_word' id='word_1_1' title='bbox 1538 0 1561 25; x_wconf 60' lang='grc' dir='ltr'><strong>Χ</strong></span> 
     </span>
    </p>
   </div>
   <div class='ocr_carea' id='block_1_2' title="bbox 455 74 1454 143">
    <p class='ocr_par' dir='ltr' id='par_1_2' title="bbox 455 74 1454 143">
     <span class='ocr_line' id='line_1_2' title="bbox 455 74 1454 143; baseline 0 -16"><span class='ocrx_word' id='word_1_2' title='bbox 455 86 557 143; x_wconf 70' lang='lat'><strong>132</strong></span> <span class='ocrx_word' id='word_1_3' title='bbox 732 124 739 126; x_wconf 84' lang='lat'>.</span> <span class='ocrx_word' id='word_1_4' title='bbox 984 77 1053 143; x_wconf 87' lang='lat' dir='ltr'><strong>Q.</strong></span> <span class='ocrx_word' id='word_1_5' title='bbox 1122 74 1454 129; x_wconf 79' lang='lat' dir='ltr'>CVRTII</span> 
     </span>
    </p>
   </div>
   <div class='ocr_carea' id='block_1_3' title="bbox 448 176 1996 1250">
    <p class='ocr_par' dir='ltr' id='par_1_3' title="bbox 448 176 1996 1250">
     <span class='ocr_line' id='line_1_3' title="bbox 490 176 1994 232; baseline -0.002 -1"><span class='ocrx_word' id='word_1_6' title='bbox 490 181 695 232; x_wconf 84' lang='lat' dir='ltr'><strong>eeuniae</strong></span> <span class='ocrx_word' id='word_1_7' title='bbox 706 196 909 229; x_wconf 86' lang='lat' dir='ltr'><strong>summa</strong></span> <span class='ocrx_word' id='word_1_8' title='bbox 942 177 1233 230; x_wconf 76' lang='lat' dir='ltr'><strong>&#39;custodum</strong></span> <span class='ocrx_word' id='word_1_9' title='bbox 1243 178 1419 229; x_wconf 79' lang='lat' dir='ltr'><strong>fraude</strong></span> <span class='ocrx_word' id='word_1_10' title='bbox 1440 178 1696 229; x_wconf 82' lang='lat' dir='ltr'><strong>subtracta</strong></span> <span class='ocrx_word' id='word_1_11' title='bbox 1717 189 1814 229; x_wconf 84' lang='lat' dir='ltr'><strong>est.</strong></span> <span class='ocrx_word' id='word_1_12' title='bbox 1836 176 1926 228; x_wconf 84' lang='lat' dir='ltr'><strong>Ox</strong></span> <span class='ocrx_word' id='word_1_13' title='bbox 1959 201 1994 218; x_wconf 81' lang='lat'><em>-</em></span> 
     </span>
     <span class='ocr_line' id='line_1_4' title="bbox 450 202 1996 313; baseline -0.005 -12"><span class='ocrx_word' id='word_1_14' title='bbox 450 202 592 301; x_wconf 55' lang='lat' dir='ltr'><strong>{intes</strong></span> <span class='ocrx_word' id='word_1_15' title='bbox 613 258 723 296; x_wconf 82' lang='lat' dir='ltr'><strong>erat</strong></span> <span class='ocrx_word' id='word_1_16' title='bbox 740 247 933 296; x_wconf 78' lang='lat' dir='ltr'><strong>nobilis</strong></span> <span class='ocrx_word' id='word_1_17' title='bbox 951 248 1155 307; x_wconf 83' lang='lat' dir='ltr'><strong>Perses,</strong></span> <span class='ocrx_word' id='word_1_18' title='bbox 1216 249 1304 311; x_wconf 86' lang='lat' dir='ltr'><strong>qui</strong></span> <span class='ocrx_word' id='word_1_19' title='bbox 1323 265 1351 295; x_wconf 88' lang='lat' dir='ltr'><strong>a</strong></span> <span class='ocrx_word' id='word_1_20' title='bbox 1374 248 1532 295; x_wconf 77' lang='lat' dir='ltr'><strong>Dario</strong></span> <span class='ocrx_word' id='word_1_21' title='bbox 1553 246 1760 311; x_wconf 80' lang='lat' dir='ltr'><strong>capitali</strong></span> <span class='ocrx_word' id='word_1_22' title='bbox 1781 264 1920 313; x_wconf 86' lang='lat' dir='ltr'><strong>supp</strong></span> <span class='ocrx_word' id='word_1_23' title='bbox 1943 246 1996 294; x_wconf 80' lang='lat'><strong>&#39;1-</strong></span> 
     </span>
     <span class='ocr_line' id='line_1_5' title="bbox 452 312 1989 375; baseline -0.003 -11"><span class='ocrx_word' id='word_1_24' title='bbox 452 317 535 365; x_wconf 80' lang='lat' dir='ltr'><strong>cio</strong></span> <span class='ocrx_word' id='word_1_25' title='bbox 555 314 833 363; x_wconf 80' lang='lat' dir='ltr'><strong>destinatus</strong></span> <span class='ocrx_word' id='word_1_26' title='bbox 849 349 863 374; x_wconf 92' lang='lat'><strong>,</strong></span> <span class='ocrx_word' id='word_1_27' title='bbox 902 314 1234 365; x_wconf 80' lang='lat' dir='ltr'><strong>cohibebatur</strong></span> <span class='ocrx_word' id='word_1_28' title='bbox 1255 315 1308 361; x_wconf 86' lang='lat' dir='ltr'><strong>in</strong></span> <span class='ocrx_word' id='word_1_29' title='bbox 1328 313 1572 375; x_wconf 84' lang='lat' dir='ltr'><strong>vinculis;</strong></span> <span class='ocrx_word' id='word_1_30' title='bbox 1617 312 1741 361; x_wconf 86' lang='lat' dir='ltr'><strong>huic</strong></span> <span class='ocrx_word' id='word_1_31' title='bbox 1759 314 1989 362; x_wconf 67' lang='lat' dir='ltr'><strong>liberata</strong></span> 
     </span>
     <span class='ocr_line' id='line_1_6' title="bbox 452 379 1992 447; baseline -0.003 -16"><span class='ocrx_word' id='word_1_32' title='bbox 452 392 737 445; x_wconf 73' lang='lat' dir='ltr'>satrapeam</span> <span class='ocrx_word' id='word_1_33' title='bbox 756 379 959 430; x_wconf 78' lang='lat' dir='ltr'>Mediae</span> <span class='ocrx_word' id='word_1_34' title='bbox 979 381 1234 431; x_wconf 80' lang='lat' dir='ltr'><strong>attribuit:</strong></span> <span class='ocrx_word' id='word_1_35' title='bbox 1283 381 1597 444; x_wconf 77' lang='lat' dir='ltr'><strong>fratremque</strong></span> <span class='ocrx_word' id='word_1_36' title='bbox 1620 380 1766 428; x_wconf 87' lang='lat' dir='ltr'><strong>Darii</strong></span> <span class='ocrx_word' id='word_1_37' title='bbox 1788 380 1992 447; x_wconf 67' lang='lat' dir='ltr'><strong>recepit</strong></span> 
     </span>
     <span class='ocr_line' id='line_1_7' title="bbox 452 446 1990 509; baseline -0.002 -11"><span class='ocrx_word' id='word_1_38' title='bbox 452 450 505 498; x_wconf 87' lang='lat' dir='ltr'><strong>in</strong></span> <span class='ocrx_word' id='word_1_39' title='bbox 526 448 791 497; x_wconf 85' lang='lat' dir='ltr'><strong>eohortem</strong></span> <span class='ocrx_word' id='word_1_40' title='bbox 809 450 1113 509; x_wconf 87' lang='lat' dir='ltr'><strong>amicorum,</strong></span> <span class='ocrx_word' id='word_1_41' title='bbox 1135 448 1279 495; x_wconf 84' lang='lat' dir='ltr'><strong>omni</strong></span> <span class='ocrx_word' id='word_1_42' title='bbox 1299 448 1523 497; x_wconf 74' lang='lat' dir='ltr'><strong>vetustae</strong></span> <span class='ocrx_word' id='word_1_43' title='bbox 1546 448 1788 496; x_wconf 80' lang='lat' dir='ltr'><strong>claritatis</strong></span> <span class='ocrx_word' id='word_1_44' title='bbox 1811 446 1990 496; x_wconf 84' lang='lat' dir='ltr'><strong>hono-</strong></span> 
     </span>
     <span class='ocr_line' id='line_1_8' title="bbox 450 514 1990 581; baseline -0.003 -15"><span class='ocrx_word' id='word_1_45' title='bbox 450 533 508 566; x_wconf 87' lang='lat' dir='ltr'><strong>re</strong></span> <span class='ocrx_word' id='word_1_46' title='bbox 525 527 743 566; x_wconf 78' lang='lat' dir='ltr'><strong>servato·</strong></span> <span class='ocrx_word' id='word_1_47' title='bbox 813 514 948 565; x_wconf 87' lang='lat' dir='ltr'><strong>Hine</strong></span> <span class='ocrx_word' id='word_1_48' title='bbox 966 517 1019 563; x_wconf 87' lang='lat' dir='ltr'><strong>in</strong></span> <span class='ocrx_word' id='word_1_49' title='bbox 1037 514 1362 563; x_wconf 87' lang='lat' dir='ltr'><strong>Parthienem</strong></span> <span class='ocrx_word' id='word_1_50' title='bbox 1386 526 1695 581; x_wconf 85' lang='lat' dir='ltr'><strong>perventum</strong></span> <span class='ocrx_word' id='word_1_51' title='bbox 1720 524 1826 575; x_wconf 85' lang='lat' dir='ltr'><strong>est,</strong></span> <span class='ocrx_word' id='word_1_52' title='bbox 1862 525 1990 562; x_wconf 86' lang='lat' dir='ltr'><strong>tunc</strong></span> 
     </span>
     <span class='ocr_line' id='line_1_9' title="bbox 452 582 1987 647; baseline -0.003 -16"><span class='ocrx_word' id='word_1_53' title='bbox 452 583 738 647; x_wconf 83' lang='lat' dir='ltr'><strong>ignobilem</strong></span> <span class='ocrx_word' id='word_1_54' title='bbox 756 594 988 647; x_wconf 79' lang='lat' dir='ltr'><strong>gentem3</strong></span> <span class='ocrx_word' id='word_1_55' title='bbox 1008 598 1147 631; x_wconf 89' lang='lat' dir='ltr'><strong>nunc</strong></span> <span class='ocrx_word' id='word_1_56' title='bbox 1166 593 1315 645; x_wconf 86' lang='lat' dir='ltr'><strong>caput</strong></span> <span class='ocrx_word' id='word_1_57' title='bbox 1334 582 1572 630; x_wconf 86' lang='lat' dir='ltr'><strong>omnium</strong></span> <span class='ocrx_word' id='word_1_58' title='bbox 1585 618 1598 643; x_wconf 88' lang='lat'><strong>,</strong></span> <span class='ocrx_word' id='word_1_59' title='bbox 1623 582 1711 646; x_wconf 83' lang='lat' dir='ltr'><strong>qni</strong></span> <span class='ocrx_word' id='word_1_60' title='bbox 1732 592 1858 647; x_wconf 87' lang='lat' dir='ltr'><strong>post</strong></span> <span class='ocrx_word' id='word_1_61' title='bbox 1873 582 1987 629; x_wconf 85' lang='lat' dir='ltr'><strong>Eu·-</strong></span> 
     </span>
     <span class='ocr_line' id='line_1_10' title="bbox 450 648 1985 716; baseline -0.001 -19"><span class='ocrx_word' id='word_1_62' title='bbox 450 650 685 716; x_wconf 87' lang='lat' dir='ltr'><strong>phratem</strong></span> <span class='ocrx_word' id='word_1_63' title='bbox 704 660 753 698; x_wconf 90' lang='lat' dir='ltr'><strong>et</strong></span> <span class='ocrx_word' id='word_1_64' title='bbox 772 650 977 713; x_wconf 82' lang='lat' dir='ltr'><strong>Tigrim</strong></span> <span class='ocrx_word' id='word_1_65' title='bbox 1001 665 1178 698; x_wconf 85' lang='lat' dir='ltr'><strong>amnes</strong></span> <span class='ocrx_word' id='word_1_66' title='bbox 1200 648 1314 709; x_wconf 88' lang='lat' dir='ltr'><strong>siti,</strong></span> <span class='ocrx_word' id='word_1_67' title='bbox 1354 648 1511 696; x_wconf 89' lang='lat' dir='ltr'><strong>rubro</strong></span> <span class='ocrx_word' id='word_1_68' title='bbox 1533 650 1669 700; x_wconf 86' lang='lat' dir='ltr'><strong>mari</strong></span> <span class='ocrx_word' id='word_1_69' title='bbox 1693 649 1985 696; x_wconf 75' lang='lat' dir='ltr'><strong>terminan-</strong></span> 
     </span>
     <span class='ocr_line' id='line_1_11' title="bbox 450 715 1985 781; baseline -0.001 -16"><span class='ocrx_word' id='word_1_70' title='bbox 450 728 554 765; x_wconf 87' lang='lat' dir='ltr'><strong>tur.</strong></span> <span class='ocrx_word' id='word_1_71' title='bbox 622 715 840 781; x_wconf 77' lang='lat' dir='ltr'><strong>Scythae</strong></span> <span class='ocrx_word' id='word_1_72' title='bbox 861 718 1124 781; x_wconf 86' lang='lat' dir='ltr'><strong>regionem</strong></span> <span class='ocrx_word' id='word_1_73' title='bbox 1143 726 1482 779; x_wconf 80' lang='lat' dir='ltr'><strong>campestrem</strong></span> <span class='ocrx_word' id='word_1_74' title='bbox 1503 732 1561 763; x_wconf 89' lang='lat' dir='ltr'><strong>ac</strong></span> <span class='ocrx_word' id='word_1_75' title='bbox 1581 716 1813 763; x_wconf 68' lang='lat' dir='ltr'><strong>fenilem</strong></span> <span class='ocrx_word' id='word_1_76' title='bbox 1834 730 1985 763; x_wconf 77' lang='lat' dir='ltr'><strong>occu·</strong></span> 
     </span>
     <span class='ocr_line' id='line_1_12' title="bbox 449 780 1986 847; baseline -0.002 -16"><span class='ocrx_word' id='word_1_77' title='bbox 449 794 729 847; x_wconf 70' lang='lat' dir='ltr'><strong>paverunt3</strong></span> <span class='ocrx_word' id='word_1_78' title='bbox 785 800 961 847; x_wconf 80' lang='lat' dir='ltr'><strong>graves</strong></span> <span class='ocrx_word' id='word_1_79' title='bbox 983 783 1152 832; x_wconf 85' lang='lat' dir='ltr'><strong>adhue</strong></span> <span class='ocrx_word' id='word_1_80' title='bbox 1171 783 1388 830; x_wconf 83' lang='lat' dir='ltr'><strong>accolae.</strong></span> <span class='ocrx_word' id='word_1_81' title='bbox 1457 780 1618 831; x_wconf 88' lang='lat' dir='ltr'><strong>Sedes</strong></span> <span class='ocrx_word' id='word_1_82' title='bbox 1645 780 1846 831; x_wconf 83' lang='lat' dir='ltr'><strong>habent</strong></span> <span class='ocrx_word' id='word_1_83' title='bbox 1864 793 1912 831; x_wconf 77' lang='lat' dir='ltr'><strong>et</strong></span> <span class='ocrx_word' id='word_1_84' title='bbox 1929 782 1986 829; x_wconf 86' lang='lat' dir='ltr'><strong>iu</strong></span> 
     </span>
     <span class='ocr_line' id='line_1_13' title="bbox 450 846 1984 922; baseline -0.001 -24"><span class='ocrx_word' id='word_1_85' title='bbox 450 850 685 913; x_wconf 86' lang='lat' dir='ltr'><strong>Europa,</strong></span> <span class='ocrx_word' id='word_1_86' title='bbox 705 850 829 898; x_wconf 87' lang='lat' dir='ltr'><strong>etin</strong></span> <span class='ocrx_word' id='word_1_87' title='bbox 846 847 999 922; x_wconf 44' lang='lat' dir='ltr'><strong>Aspim„</strong></span> <span class='ocrx_word' id='word_1_88' title='bbox 1021 850 1110 915; x_wconf 79' lang='lat' dir='ltr'><strong>qui</strong></span> <span class='ocrx_word' id='word_1_89' title='bbox 1129 866 1282 913; x_wconf 84' lang='lat' dir='ltr'><strong>super</strong></span> <span class='ocrx_word' id='word_1_90' title='bbox 1301 846 1629 917; x_wconf 82' lang='lat' dir='ltr'><strong>Bosphorum</strong></span> <span class='ocrx_word' id='word_1_91' title='bbox 1653 848 1867 911; x_wconf 86' lang='lat' dir='ltr'><strong>colunt,</strong></span> <span class='ocrx_word' id='word_1_92' title='bbox 1888 846 1984 898; x_wconf 86' lang='lat' dir='ltr'><strong>ad·-</strong></span> 
     </span>
     <span class='ocr_line' id='line_1_14' title="bbox 453 913 1983 981; baseline -0.001 -16"><span class='ocrx_word' id='word_1_93' title='bbox 453 916 748 967; x_wconf 81' lang='lat' dir='ltr'><strong>scribuntur</strong></span> <span class='ocrx_word' id='word_1_94' title='bbox 784 913 963 975; x_wconf 82' lang='lat' dir='ltr'><strong>Asiae3</strong></span> <span class='ocrx_word' id='word_1_95' title='bbox 1018 929 1071 965; x_wconf 88' lang='lat' dir='ltr'><strong>at</strong></span> <span class='ocrx_word' id='word_1_96' title='bbox 1109 918 1195 980; x_wconf 83' lang='lat' dir='ltr'><strong>qui</strong></span> <span class='ocrx_word' id='word_1_97' title='bbox 1234 917 1290 963; x_wconf 88' lang='lat' dir='ltr'><strong>in</strong></span> <span class='ocrx_word' id='word_1_98' title='bbox 1326 916 1536 981; x_wconf 88' lang='lat' dir='ltr'><strong>Europa</strong></span> <span class='ocrx_word' id='word_1_99' title='bbox 1574 927 1721 975; x_wconf 85' lang='lat' dir='ltr'><strong>suut,</strong></span> <span class='ocrx_word' id='word_1_100' title='bbox 1765 932 1796 963; x_wconf 93' lang='lat' dir='ltr'><strong>a</strong></span> <span class='ocrx_word' id='word_1_101' title='bbox 1837 916 1983 964; x_wconf 67' lang='lat' dir='ltr'><strong>laevo</strong></span> 
     </span>
     <span class='ocr_line' id='line_1_15' title="bbox 452 978 1984 1049; baseline -0.003 -16"><span class='ocrx_word' id='word_1_102' title='bbox 452 983 699 1033; x_wconf 83' lang='lat' dir='ltr'><strong>Thraciae</strong></span> <span class='ocrx_word' id='word_1_103' title='bbox 710 985 868 1033; x_wconf 88' lang='lat' dir='ltr'><strong>latere</strong></span> <span class='ocrx_word' id='word_1_104' title='bbox 888 982 953 1033; x_wconf 88' lang='lat' dir='ltr'><strong>ad</strong></span> <span class='ocrx_word' id='word_1_105' title='bbox 966 982 1354 1049; x_wconf 76' lang='lat' dir='ltr'><strong>Borysthenem,</strong></span> <span class='ocrx_word' id='word_1_106' title='bbox 1373 994 1523 1047; x_wconf 86' lang='lat' dir='ltr'><strong>atque</strong></span> <span class='ocrx_word' id='word_1_107' title='bbox 1541 982 1663 1031; x_wconf 84' lang='lat' dir='ltr'><strong>inde</strong></span> <span class='ocrx_word' id='word_1_108' title='bbox 1679 978 1745 1030; x_wconf 87' lang='lat' dir='ltr'><strong>ad</strong></span> <span class='ocrx_word' id='word_1_109' title='bbox 1763 982 1984 1030; x_wconf 86' lang='lat' dir='ltr'><strong>Tanaim</strong></span> 
     </span>
     <span class='ocr_line' id='line_1_16' title="bbox 452 1048 1985 1115; baseline -0.001 -16"><span class='ocrx_word' id='word_1_110' title='bbox 452 1052 615 1100; x_wconf 85' lang='lat' dir='ltr'><strong>alium</strong></span> <span class='ocrx_word' id='word_1_111' title='bbox 634 1066 855 1108; x_wconf 78' lang='lat' dir='ltr'><strong>amnem,</strong></span> <span class='ocrx_word' id='word_1_112' title='bbox 876 1063 1013 1099; x_wconf 87' lang='lat' dir='ltr'><strong>recta</strong></span> <span class='ocrx_word' id='word_1_113' title='bbox 1030 1050 1182 1115; x_wconf 80' lang='lat' dir='ltr'><strong>‘plaga</strong></span> <span class='ocrx_word' id='word_1_114' title='bbox 1206 1050 1437 1098; x_wconf 81' lang='lat' dir='ltr'><strong>attinent.</strong></span> <span class='ocrx_word' id='word_1_115' title='bbox 1508 1050 1698 1098; x_wconf 88' lang='lat' dir='ltr'><strong>Tanais</strong></span> <span class='ocrx_word' id='word_1_116' title='bbox 1712 1048 1985 1114; x_wconf 85' lang='lat' dir='ltr'><strong>Europam</strong></span> 
     </span>
     <span class='ocr_line' id='line_1_17' title="bbox 456 1114 1984 1183; baseline 0 -18"><span class='ocrx_word' id='word_1_117' title='bbox 456 1129 507 1165; x_wconf 83' lang='lat' dir='ltr'><strong>et</strong></span> <span class='ocrx_word' id='word_1_118' title='bbox 522 1114 703 1166; x_wconf 84' lang='lat' dir='ltr'><strong>Asiam</strong></span> <span class='ocrx_word' id='word_1_119' title='bbox 719 1115 919 1165; x_wconf 83' lang='lat' dir='ltr'><strong>medius</strong></span> <span class='ocrx_word' id='word_1_120' title='bbox 941 1118 1200 1165; x_wconf 83' lang='lat' dir='ltr'><strong>interfluit.</strong></span> <span class='ocrx_word' id='word_1_121' title='bbox 1267 1116 1374 1164; x_wconf 82' lang='lat' dir='ltr'><strong>Nec</strong></span> <span class='ocrx_word' id='word_1_122' title='bbox 1395 1115 1673 1177; x_wconf 84' lang='lat' dir='ltr'><strong>dubitatur,</strong></span> <span class='ocrx_word' id='word_1_123' title='bbox 1698 1116 1830 1180; x_wconf 85' lang='lat' dir='ltr'><strong>quin</strong></span> <span class='ocrx_word' id='word_1_124' title='bbox 1853 1117 1984 1183; x_wconf 68' lang='lat' dir='ltr'><strong>Scy-</strong></span> 
     </span>
     <span class='ocr_line' id='line_1_18' title="bbox 448 1180 1986 1250; baseline 0.001 -19"><span class='ocrx_word' id='word_1_125' title='bbox 448 1182 593 1244; x_wconf 83' lang='lat' dir='ltr'><strong>thae,</strong></span> <span class='ocrx_word' id='word_1_126' title='bbox 624 1184 712 1246; x_wconf 88' lang='lat' dir='ltr'><strong>qui</strong></span> <span class='ocrx_word' id='word_1_127' title='bbox 730 1181 943 1231; x_wconf 77' lang='lat' dir='ltr'><strong>Parthos</strong></span> <span class='ocrx_word' id='word_1_128' title='bbox 964 1182 1270 1244; x_wconf 75' lang='lat' dir='ltr'><strong>condidere,</strong></span> <span class='ocrx_word' id='word_1_129' title='bbox 1291 1199 1395 1231; x_wconf 86' lang='lat' dir='ltr'><strong>nou</strong></span> <span class='ocrx_word' id='word_1_130' title='bbox 1419 1201 1445 1232; x_wconf 86' lang='lat' dir='ltr'><strong>a</strong></span> <span class='ocrx_word' id='word_1_131' title='bbox 1465 1182 1738 1250; x_wconf 88' lang='lat' dir='ltr'><strong>Bosphoro</strong></span> <span class='ocrx_word' id='word_1_132' title='bbox 1753 1218 1768 1243; x_wconf 96' lang='lat'><strong>,</strong></span> <span class='ocrx_word' id='word_1_133' title='bbox 1809 1180 1904 1233; x_wconf 77' lang='lat' dir='ltr'><strong>sed</strong></span> <span class='ocrx_word' id='word_1_134' title='bbox 1926 1199 1986 1233; x_wconf 81' lang='lat' dir='ltr'><strong>ex</strong></span> 
     </span>
    </p>
   </div>
   <div class='ocr_carea' id='block_1_4' title="bbox 367 1250 1986 1315">
    <p class='ocr_par' dir='ltr' id='par_1_4' title="bbox 367 1250 1986 1315">
     <span class='ocr_line' id='line_1_19' title="bbox 367 1250 1986 1315; baseline 0 -16"><span class='ocrx_word' id='word_1_135' title='bbox 367 1273 371 1279; x_wconf 88' lang='lat'>·</span> <span class='ocrx_word' id='word_1_136' title='bbox 448 1250 658 1313; x_wconf 81' lang='lat' dir='ltr'><strong>regione</strong></span> <span class='ocrx_word' id='word_1_137' title='bbox 669 1250 907 1315; x_wconf 82' lang='lat' dir='ltr'><strong>Europae</strong></span> <span class='ocrx_word' id='word_1_138' title='bbox 922 1250 1314 1315; x_wconf 85' lang='lat' dir='ltr'><strong>penetraverint.</strong></span> <span class='ocrx_word' id='word_1_139' title='bbox 1335 1250 1472 1299; x_wconf 87' lang='lat' dir='ltr'><strong>Urbs</strong></span> <span class='ocrx_word' id='word_1_140' title='bbox 1488 1263 1594 1299; x_wconf 87' lang='lat' dir='ltr'><strong>erat</strong></span> <span class='ocrx_word' id='word_1_141' title='bbox 1607 1261 1664 1298; x_wconf 83' lang='lat' dir='ltr'><strong>ea</strong></span> <span class='ocrx_word' id='word_1_142' title='bbox 1679 1261 1986 1315; x_wconf 80' lang='lat' dir='ltr'><strong>tempestate</strong></span> 
     </span>
    </p>
   </div>
   <div class='ocr_carea' id='block_1_5' title="bbox 414 1306 2067 2589">
    <p class='ocr_par' dir='ltr' id='par_1_5' title="bbox 414 1306 2067 2589">
     <span class='ocr_line' id='line_1_20' title="bbox 451 1306 2067 1385; baseline 0.001 -20"><span class='ocrx_word' id='word_1_143' title='bbox 451 1317 587 1366; x_wconf 88' lang='lat' dir='ltr'><strong>clara</strong></span> <span class='ocrx_word' id='word_1_144' title='bbox 604 1316 1002 1385; x_wconf 76' lang='lat' dir='ltr'><strong>Hecatompylos</strong></span> <span class='ocrx_word' id='word_1_145' title='bbox 1015 1354 1029 1378; x_wconf 89' lang='lat'>‚</span> <span class='ocrx_word' id='word_1_146' title='bbox 1052 1316 1257 1366; x_wconf 84' lang='lat' dir='ltr'><strong>condita</strong></span> <span class='ocrx_word' id='word_1_147' title='bbox 1277 1335 1306 1364; x_wconf 92' lang='lat' dir='ltr'><strong>a</strong></span> <span class='ocrx_word' id='word_1_148' title='bbox 1327 1316 1562 1366; x_wconf 87' lang='lat' dir='ltr'><strong>Graecis:</strong></span> <span class='ocrx_word' id='word_1_149' title='bbox 1594 1318 1667 1367; x_wconf 90' lang='lat' dir='ltr'><strong>ibi</strong></span> <span class='ocrx_word' id='word_1_150' title='bbox 1687 1318 1877 1367; x_wconf 77' lang='lat' dir='ltr'><strong>stativa</strong></span> <span class='ocrx_word' id='word_1_151' title='bbox 1893 1332 1984 1367; x_wconf 81' lang='lat' dir='ltr'><strong>rex</strong></span> <span class='ocrx_word' id='word_1_152' title='bbox 2065 1306 2067 1331; x_wconf 55' lang='lat'><em>³</em></span> 
     </span>
     <span class='ocr_line' id='line_1_21' title="bbox 449 1382 1984 1448; baseline 0 -15"><span class='ocrx_word' id='word_1_153' title='bbox 449 1382 653 1447; x_wconf 87' lang='lat' dir='ltr'><strong>habuit,</strong></span> <span class='ocrx_word' id='word_1_154' title='bbox 692 1386 1068 1435; x_wconf 71' lang='lat' dir='ltr'><strong>commeatibus</strong></span> <span class='ocrx_word' id='word_1_155' title='bbox 1107 1383 1336 1448; x_wconf 86' lang='lat' dir='ltr'><strong>undique</strong></span> <span class='ocrx_word' id='word_1_156' title='bbox 1367 1383 1604 1434; x_wconf 77' lang='lat' dir='ltr'><strong>advectis.</strong></span> <span class='ocrx_word' id='word_1_157' title='bbox 1672 1383 1858 1447; x_wconf 77' lang='lat' dir='ltr'><strong>Itaque</strong></span> <span class='ocrx_word' id='word_1_158' title='bbox 1888 1400 1984 1433; x_wconf 88' lang='lat' dir='ltr'><strong>ru·-</strong></span> 
     </span>
     <span class='ocr_line' id='line_1_22' title="bbox 448 1452 1978 1517; baseline -0.001 -18"><span class='ocrx_word' id='word_1_159' title='bbox 448 1468 593 1513; x_wconf 89' lang='lat' dir='ltr'><strong>mor,</strong></span> <span class='ocrx_word' id='word_1_160' title='bbox 651 1452 802 1500; x_wconf 87' lang='lat' dir='ltr'><strong>otiosi</strong></span> <span class='ocrx_word' id='word_1_161' title='bbox 830 1454 1011 1501; x_wconf 88' lang='lat' dir='ltr'><strong>militis</strong></span> <span class='ocrx_word' id='word_1_162' title='bbox 1039 1452 1250 1513; x_wconf 84' lang='lat' dir='ltr'><strong>vitium,</strong></span> <span class='ocrx_word' id='word_1_163' title='bbox 1307 1452 1415 1500; x_wconf 86' lang='lat' dir='ltr'><strong>sine</strong></span> <span class='ocrx_word' id='word_1_164' title='bbox 1437 1464 1641 1502; x_wconf 84' lang='lat' dir='ltr'><strong>auctore</strong></span> <span class='ocrx_word' id='word_1_165' title='bbox 1662 1452 1978 1517; x_wconf 82' lang='lat' dir='ltr'><strong>percrebuit,</strong></span> 
     </span>
     <span class='ocr_line' id='line_1_23' title="bbox 449 1517 1980 1586; baseline 0.001 -20"><span class='ocrx_word' id='word_1_166' title='bbox 449 1533 639 1586; x_wconf 78' lang='lat' dir='ltr'><strong>regem</strong></span> <span class='ocrx_word' id='word_1_167' title='bbox 659 1526 973 1568; x_wconf 75' lang='lat' dir='ltr'><strong>contentum</strong></span> <span class='ocrx_word' id='word_1_168' title='bbox 991 1517 1183 1577; x_wconf 76' lang='lat' dir='ltr'><strong>rebus,</strong></span> <span class='ocrx_word' id='word_1_169' title='bbox 1205 1533 1347 1586; x_wconf 76' lang='lat' dir='ltr'><strong>quas</strong></span> <span class='ocrx_word' id='word_1_170' title='bbox 1362 1519 1665 1585; x_wconf 73' lang='lat' dir='ltr'><strong>gessisset,</strong></span> <span class='ocrx_word' id='word_1_171' title='bbox 1689 1517 1751 1567; x_wconf 83' lang='lat' dir='ltr'><strong>in</strong></span> <span class='ocrx_word' id='word_1_172' title='bbox 1772 1520 1980 1567; x_wconf 83' lang='lat' dir='ltr'><strong>Mace-</strong></span> 
     </span>
     <span class='ocr_line' id='line_1_24' title="bbox 450 1584 1977 1650; baseline 0.002 -18"><span class='ocrx_word' id='word_1_173' title='bbox 450 1584 669 1634; x_wconf 82' lang='lat' dir='ltr'><strong>doniam</strong></span> <span class='ocrx_word' id='word_1_174' title='bbox 677 1585 944 1649; x_wconf 71' lang='lat' dir='ltr'><strong>protinus</strong></span> <span class='ocrx_word' id='word_1_175' title='bbox 964 1584 1148 1634; x_wconf 80' lang='lat' dir='ltr'><strong>redire</strong></span> <span class='ocrx_word' id='word_1_176' title='bbox 1163 1584 1448 1635; x_wconf 75' lang='lat' dir='ltr'><strong>statuisse.</strong></span> <span class='ocrx_word' id='word_1_177' title='bbox 1507 1587 1825 1635; x_wconf 84' lang='lat' dir='ltr'><strong>Discurrunt</strong></span> <span class='ocrx_word' id='word_1_178' title='bbox 1845 1588 1977 1650; x_wconf 73' lang='lat' dir='ltr'><strong>lym-</strong></span> 
     </span>
     <span class='ocr_line' id='line_1_25' title="bbox 446 1650 1975 1719; baseline 0.001 -20"><span class='ocrx_word' id='word_1_179' title='bbox 446 1650 614 1715; x_wconf 83' lang='lat' dir='ltr'><strong>phatis</strong></span> <span class='ocrx_word' id='word_1_180' title='bbox 636 1652 831 1701; x_wconf 84' lang='lat' dir='ltr'><strong>similes</strong></span> <span class='ocrx_word' id='word_1_181' title='bbox 846 1653 898 1699; x_wconf 86' lang='lat' dir='ltr'><strong>in</strong></span> <span class='ocrx_word' id='word_1_182' title='bbox 912 1653 1249 1712; x_wconf 83' lang='lat' dir='ltr'><strong>tabernacula,</strong></span> <span class='ocrx_word' id='word_1_183' title='bbox 1271 1664 1322 1701; x_wconf 87' lang='lat' dir='ltr'><strong>et</strong></span> <span class='ocrx_word' id='word_1_184' title='bbox 1340 1653 1510 1701; x_wconf 85' lang='lat' dir='ltr'><strong>itineri</strong></span> <span class='ocrx_word' id='word_1_185' title='bbox 1532 1653 1752 1701; x_wconf 86' lang='lat' dir='ltr'><strong>sarcinas</strong></span> <span class='ocrx_word' id='word_1_186' title='bbox 1775 1664 1975 1719; x_wconf 73' lang='lat' dir='ltr'><strong>aptante</strong></span> 
     </span>
     <span class='ocr_line' id='line_1_26' title="bbox 446 1716 1975 1785; baseline 0.001 -18"><span class='ocrx_word' id='word_1_187' title='bbox 446 1717 653 1779; x_wconf 72' lang='lat' dir='ltr'><strong>signum</strong></span> <span class='ocrx_word' id='word_1_188' title='bbox 667 1716 847 1767; x_wconf 82' lang='lat' dir='ltr'><strong>datum</strong></span> <span class='ocrx_word' id='word_1_189' title='bbox 866 1717 1097 1767; x_wconf 84' lang='lat' dir='ltr'><strong>crederes</strong></span> <span class='ocrx_word' id='word_1_190' title='bbox 1111 1754 1126 1780; x_wconf 93' lang='lat'>‚</span> <span class='ocrx_word' id='word_1_191' title='bbox 1183 1732 1242 1768; x_wconf 89' lang='lat' dir='ltr'><strong>ut</strong></span> <span class='ocrx_word' id='word_1_192' title='bbox 1261 1736 1378 1768; x_wconf 76' lang='lat' dir='ltr'><strong>vasa</strong></span> <span class='ocrx_word' id='word_1_193' title='bbox 1398 1720 1740 1785; x_wconf 56' lang='lat' dir='ltr'><strong>colligerent.⁸</strong></span> <span class='ocrx_word' id='word_1_194' title='bbox 1824 1720 1975 1768; x_wconf 85' lang='lat' dir='ltr'><strong>Totis</strong></span> 
     </span>
     <span class='ocr_line' id='line_1_27' title="bbox 448 1784 1973 1853; baseline 0.003 -23"><span class='ocrx_word' id='word_1_195' title='bbox 448 1785 623 1831; x_wconf 81' lang='lat' dir='ltr'><strong>castris</strong></span> <span class='ocrx_word' id='word_1_196' title='bbox 664 1786 913 1833; x_wconf 83' lang='lat' dir='ltr'><strong>tumultus</strong></span> <span class='ocrx_word' id='word_1_197' title='bbox 952 1784 1073 1833; x_wconf 86' lang='lat' dir='ltr'><strong>hinc</strong></span> <span class='ocrx_word' id='word_1_198' title='bbox 1111 1787 1500 1836; x_wconf 86' lang='lat' dir='ltr'><strong>contubernales</strong></span> <span class='ocrx_word' id='word_1_199' title='bbox 1542 1803 1662 1835; x_wconf 88' lang='lat' dir='ltr'><strong>suos</strong></span> <span class='ocrx_word' id='word_1_200' title='bbox 1701 1787 1973 1853; x_wconf 84' lang='lat' dir='ltr'><strong>requiren-</strong></span> 
     </span>
     <span class='ocr_line' id='line_1_28' title="bbox 446 1848 1974 1918; baseline 0.003 -21"><span class='ocrx_word' id='word_1_201' title='bbox 446 1850 604 1911; x_wconf 89' lang='lat' dir='ltr'><strong>tium,</strong></span> <span class='ocrx_word' id='word_1_202' title='bbox 626 1848 765 1897; x_wconf 66' lang='lat' dir='ltr'><strong>hinc</strong></span> <span class='ocrx_word' id='word_1_203' title='bbox 786 1852 1110 1899; x_wconf 85' lang='lat' dir='ltr'><strong>onerantium</strong></span> <span class='ocrx_word' id='word_1_204' title='bbox 1129 1854 1378 1917; x_wconf 84' lang='lat' dir='ltr'><strong>plaustra,</strong></span> <span class='ocrx_word' id='word_1_205' title='bbox 1417 1854 1671 1918; x_wconf 79' lang='lat' dir='ltr'><strong>perfertur</strong></span> <span class='ocrx_word' id='word_1_206' title='bbox 1691 1852 1758 1901; x_wconf 90' lang='lat' dir='ltr'><strong>ad</strong></span> <span class='ocrx_word' id='word_1_207' title='bbox 1780 1869 1974 1917; x_wconf 84' lang='lat' dir='ltr'><strong>regem.</strong></span> 
     </span>
     <span class='ocr_line' id='line_1_29' title="bbox 444 1916 1974 1983; baseline 0.001 -18"><span class='ocrx_word' id='word_1_208' title='bbox 444 1916 691 1967; x_wconf 82' lang='lat' dir='ltr'><strong>Fecerant</strong></span> <span class='ocrx_word' id='word_1_209' title='bbox 708 1916 867 1965; x_wconf 80' lang='lat' dir='ltr'><strong>fidem</strong></span> <span class='ocrx_word' id='word_1_210' title='bbox 885 1919 1086 1966; x_wconf 88' lang='lat' dir='ltr'><strong>rumori</strong></span> <span class='ocrx_word' id='word_1_211' title='bbox 1107 1931 1298 1969; x_wconf 88' lang='lat' dir='ltr'><strong>temere</strong></span> <span class='ocrx_word' id='word_1_212' title='bbox 1318 1920 1526 1983; x_wconf 72' lang='lat' dir='ltr'><strong>vulgato</strong></span> <span class='ocrx_word' id='word_1_213' title='bbox 1550 1920 1736 1970; x_wconf 89' lang='lat' dir='ltr'><strong>Graeci</strong></span> <span class='ocrx_word' id='word_1_214' title='bbox 1766 1920 1974 1981; x_wconf 88' lang='lat' dir='ltr'><strong>milites,</strong></span> 
     </span>
     <span class='ocr_line' id='line_1_30' title="bbox 445 1983 1971 2051; baseline 0.001 -18"><span class='ocrx_word' id='word_1_215' title='bbox 445 1984 623 2035; x_wconf 80' lang='lat' dir='ltr'><strong>redire</strong></span> <span class='ocrx_word' id='word_1_216' title='bbox 642 1984 764 2033; x_wconf 89' lang='lat' dir='ltr'><strong>iussi</strong></span> <span class='ocrx_word' id='word_1_217' title='bbox 785 1983 993 2047; x_wconf 70' lang='lat' dir='ltr'><strong>domo-r,</strong></span> <span class='ocrx_word' id='word_1_218' title='bbox 1047 2002 1272 2050; x_wconf 84' lang='lat' dir='ltr'><strong>quorum</strong></span> <span class='ocrx_word' id='word_1_219' title='bbox 1293 1987 1544 2050; x_wconf 85' lang='lat' dir='ltr'><strong>equitibus</strong></span> <span class='ocrx_word' id='word_1_220' title='bbox 1565 1988 1784 2051; x_wconf 82' lang='lat' dir='ltr'><strong>siugulis</strong></span> <span class='ocrx_word' id='word_1_221' title='bbox 1806 1986 1971 2037; x_wconf 85' lang='lat' dir='ltr'><strong>dena-</strong></span> 
     </span>
     <span class='ocr_line' id='line_1_31' title="bbox 414 2051 1972 2120; baseline 0.003 -21"><span class='ocrx_word' id='word_1_222' title='bbox 414 2070 419 2073; x_wconf 91' lang='lat'>·</span> <span class='ocrx_word' id='word_1_223' title='bbox 444 2052 641 2101; x_wconf 82' lang='lat' dir='ltr'><strong>riorum</strong></span> <span class='ocrx_word' id='word_1_224' title='bbox 678 2069 799 2101; x_wconf 85' lang='lat' dir='ltr'><strong>sena</strong></span> <span class='ocrx_word' id='word_1_225' title='bbox 836 2054 1003 2101; x_wconf 88' lang='lat' dir='ltr'><strong>millia</strong></span> <span class='ocrx_word' id='word_1_226' title='bbox 1041 2051 1179 2103; x_wconf 89' lang='lat' dir='ltr'><strong>dono</strong></span> <span class='ocrx_word' id='word_1_227' title='bbox 1228 2052 1453 2103; x_wconf 84' lang='lat' dir='ltr'><strong>dederat.</strong></span> <span class='ocrx_word' id='word_1_228' title='bbox 1575 2053 1720 2119; x_wconf 61' lang='lat' dir='ltr'><strong>Ipsis⁴</strong></span> <span class='ocrx_word' id='word_1_229' title='bbox 1763 2070 1972 2120; x_wconf 78' lang='lat' dir='ltr'><strong>quoque</strong></span> 
     </span>
     <span class='ocr_line' id='line_1_32' title="bbox 444 2117 1969 2186; baseline 0.001 -19"><span class='ocrx_word' id='word_1_230' title='bbox 444 2117 601 2167; x_wconf 76' lang='lat' dir='ltr'><strong>finem</strong></span> <span class='ocrx_word' id='word_1_231' title='bbox 636 2119 849 2169; x_wconf 87' lang='lat' dir='ltr'><strong>militiae</strong></span> <span class='ocrx_word' id='word_1_232' title='bbox 886 2118 1060 2169; x_wconf 85' lang='lat' dir='ltr'><strong>adesse</strong></span> <span class='ocrx_word' id='word_1_233' title='bbox 1095 2120 1384 2172; x_wconf 76' lang='lat' dir='ltr'><strong>credebaut.</strong></span> <span class='ocrx_word' id='word_1_234' title='bbox 1449 2121 1601 2170; x_wconf 88' lang='lat' dir='ltr'><strong>Haud</strong></span> <span class='ocrx_word' id='word_1_235' title='bbox 1629 2139 1778 2172; x_wconf 87' lang='lat' dir='ltr'><strong>secus</strong></span> <span class='ocrx_word' id='word_1_236' title='bbox 1811 2137 1969 2186; x_wconf 84' lang='lat' dir='ltr'><strong>quam</strong></span> 
     </span>
     <span class='ocr_line' id='line_1_33' title="bbox 442 2185 1972 2252; baseline 0.005 -21"><span class='ocrx_word' id='word_1_237' title='bbox 442 2200 536 2247; x_wconf 88' lang='lat' dir='ltr'><strong>par</strong></span> <span class='ocrx_word' id='word_1_238' title='bbox 567 2195 673 2233; x_wconf 84' lang='lat' dir='ltr'><strong>erat</strong></span> <span class='ocrx_word' id='word_1_239' title='bbox 701 2188 906 2237; x_wconf 81' lang='lat' dir='ltr'><strong>territus</strong></span> <span class='ocrx_word' id='word_1_240' title='bbox 926 2185 1244 2249; x_wconf 82' lang='lat' dir='ltr'><strong>Alexander,</strong></span> <span class='ocrx_word' id='word_1_241' title='bbox 1306 2188 1393 2252; x_wconf 88' lang='lat' dir='ltr'><strong>qui</strong></span> <span class='ocrx_word' id='word_1_242' title='bbox 1411 2188 1572 2238; x_wconf 87' lang='lat' dir='ltr'><strong>Indos</strong></span> <span class='ocrx_word' id='word_1_243' title='bbox 1593 2200 1744 2252; x_wconf 86' lang='lat' dir='ltr'><strong>atque</strong></span> <span class='ocrx_word' id='word_1_244' title='bbox 1782 2190 1972 2239; x_wconf 80' lang='lat' dir='ltr'><strong>ultima</strong></span> 
     </span>
     <span class='ocr_line' id='line_1_34' title="bbox 446 2246 1969 2321; baseline 0.004 -24"><span class='ocrx_word' id='word_1_245' title='bbox 446 2246 671 2299; x_wconf 84' lang='lat' dir='ltr'><strong>Orientis</strong></span> <span class='ocrx_word' id='word_1_246' title='bbox 692 2269 955 2317; x_wconf 80' lang='lat' dir='ltr'><strong>peragrare</strong></span> <span class='ocrx_word' id='word_1_247' title='bbox 976 2255 1251 2315; x_wconf 85' lang='lat' dir='ltr'><strong>statuisset,</strong></span> <span class='ocrx_word' id='word_1_248' title='bbox 1305 2256 1586 2319; x_wconf 79' lang='lat' dir='ltr'><strong>praefectos</strong></span> <span class='ocrx_word' id='word_1_249' title='bbox 1615 2256 1884 2321; x_wconf 87' lang='lat' dir='ltr'><strong>copiarum</strong></span> <span class='ocrx_word' id='word_1_250' title='bbox 1913 2256 1969 2303; x_wconf 84' lang='lat' dir='ltr'><strong>in</strong></span> 
     </span>
     <span class='ocr_line' id='line_1_35' title="bbox 441 2318 1972 2386; baseline 0.007 -23"><span class='ocrx_word' id='word_1_251' title='bbox 441 2318 756 2382; x_wconf 79' lang='lat' dir='ltr'><strong>praetorium</strong></span> <span class='ocrx_word' id='word_1_252' title='bbox 774 2318 1049 2370; x_wconf 83' lang='lat' dir='ltr'><strong>contrahit:</strong></span> <span class='ocrx_word' id='word_1_253' title='bbox 1090 2321 1386 2386; x_wconf 89' lang='lat' dir='ltr'><strong>obortisque</strong></span> <span class='ocrx_word' id='word_1_254' title='bbox 1405 2324 1630 2372; x_wconf 85' lang='lat' dir='ltr'><strong>lacrimis</strong></span> <span class='ocrx_word' id='word_1_255' title='bbox 1645 2358 1660 2386; x_wconf 88' lang='lat'><strong>,</strong></span> <span class='ocrx_word' id='word_1_256' title='bbox 1698 2339 1769 2372; x_wconf 76' lang='lat' dir='ltr'><strong>ex</strong></span> <span class='ocrx_word' id='word_1_257' title='bbox 1789 2320 1972 2373; x_wconf 71' lang='lat' dir='ltr'><strong>medio</strong></span> 
     </span>
     <span class='ocr_line' id='line_1_36' title="bbox 437 2380 1972 2459; baseline 0.007 -30"><span class='ocrx_word' id='word_1_258' title='bbox 437 2380 656 2449; x_wconf 73' lang='lat' dir='ltr'><strong>gloriae</strong></span> <span class='ocrx_word' id='word_1_259' title='bbox 675 2399 705 2431; x_wconf 76' lang='lat' dir='ltr'><strong>s</strong></span> <span class='ocrx_word' id='word_1_260' title='bbox 744 2387 858 2434; x_wconf 69' lang='lat' dir='ltr'><strong>atto</strong></span> <span class='ocrx_word' id='word_1_261' title='bbox 880 2385 1240 2447; x_wconf 72' lang='lat' dir='ltr'><strong>revocat-ise,</strong></span> <span class='ocrx_word' id='word_1_262' title='bbox 1277 2389 1420 2438; x_wconf 75' lang='lat' dir='ltr'><strong>victi</strong></span> <span class='ocrx_word' id='word_1_263' title='bbox 1434 2390 1651 2457; x_wconf 75' lang='lat' dir='ltr'><strong>magis,</strong></span> <span class='ocrx_word' id='word_1_264' title='bbox 1690 2406 1860 2459; x_wconf 78' lang='lat' dir='ltr'><strong>quam</strong></span> <span class='ocrx_word' id='word_1_265' title='bbox 1879 2386 1972 2443; x_wconf 74' lang='grc' dir='ltr'><strong>νί-</strong></span> 
     </span>
     <span class='ocr_line' id='line_1_37' title="bbox 438 2401 1968 2520; baseline 0.007 -23"><span class='ocrx_word' id='word_1_266' title='bbox 438 2450 635 2509; x_wconf 73' lang='lat' dir='ltr'><strong>olorc&#39;s,</strong></span> <span class='ocrx_word' id='word_1_267' title='bbox 659 2401 958 2516; x_wconf 59' lang='lat' dir='ltr'><strong>sgr-tunam</strong></span> <span class='ocrx_word' id='word_1_268' title='bbox 976 2453 1036 2501; x_wconf 81' lang='lat' dir='ltr'><strong>in</strong></span> <span class='ocrx_word' id='word_1_269' title='bbox 1049 2454 1298 2515; x_wconf 72' lang='lat' dir='ltr'><strong>patr-lam</strong></span> <span class='ocrx_word' id='word_1_270' title='bbox 1320 2453 1628 2507; x_wconf 73' lang='lat' dir='ltr'><strong>relaturum</strong></span> <span class='ocrx_word' id='word_1_271' title='bbox 1649 2470 1968 2520; x_wconf 74' lang='lat' dir='ltr'><strong>conquestus</strong></span> 
     </span>
     <span class='ocr_line' id='line_1_38' title="bbox 440 2514 1958 2589; baseline 0.011 -27"><span class='ocrx_word' id='word_1_272' title='bbox 440 2529 540 2581; x_wconf 67' lang='lat' dir='ltr'><strong>est,</strong></span> <span class='ocrx_word' id='word_1_273' title='bbox 578 2530 681 2567; x_wconf 78' lang='lat' dir='ltr'><strong>nec</strong></span> <span class='ocrx_word' id='word_1_274' title='bbox 700 2516 811 2570; x_wconf 73' lang='lat' dir='ltr'><strong>sibi</strong></span> <span class='ocrx_word' id='word_1_275' title='bbox 826 2514 1120 2585; x_wconf 72' lang='lat' dir='ltr'><strong>ignaviam</strong></span> <span class='ocrx_word' id='word_1_276' title='bbox 1140 2520 1372 2573; x_wconf 85' lang='lat' dir='ltr'><strong>militum</strong></span> <span class='ocrx_word' id='word_1_277' title='bbox 1391 2522 1644 2589; x_wconf 75' lang='lat' dir='ltr'><strong>obstare,</strong></span> <span class='ocrx_word' id='word_1_278' title='bbox 1687 2522 1791 2574; x_wconf 74' lang='lat' dir='ltr'><strong>sed</strong></span> <span class='ocrx_word' id='word_1_279' title='bbox 1806 2524 1958 2578; x_wconf 66' lang='grc' dir='ltr'><strong>,ϊω-</strong></span> 
     </span>
    </p>
   </div>
  </div>
 </body>
</html>
