2084 3009
500 177 614 236 254
705 206 722 219 .
1042 172 1112 239 Q.
1180 168 1671 235 cvnrnqx..

500 276 706 337 eduxit3
735 290 942 339 eosque,
961 274 1054 339 qni
1072 285 1412 335 occurrerant,
1431 274 1535 323 levi
1553 276 1763 339 proelio
1784 278 1845 326 in
1866 279 2043 329 urbem

497 338 794 412 proximam
813 342 1082 407 compulit.
1106 342 1217 390 Iam
1237 352 1595 406 supervenerat
1614 340 1891 393 Craterus.
1946 346 2043 393 Ita-

496 429 601 478 que
619 423 678 461 ut
708 411 960 477 principio
981 420 1237 457 terrorem
1256 410 1507 456 incuteret
1531 410 1671 471 genti
1690 410 1943 460 nondum
1964 431 2045 461 ar-

495 494 582 529 ma
595 476 944 527 Macedonum
964 488 1219 541 expertae,
1227 476 1475 541 praecipit
1493 491 1565 524 ne
1586 478 1679 524 cui
1688 488 2044 543 parceretur,

497 546 833 598 munimentis
853 546 996 594 urbis
1009 580 1025 605 ,
1066 560 1233 610 quam!
1246 542 1538 602 obsidebat,
1572 544 1819 593 incensis.
1892 545 2047 595 Cete-

496 629 617 666 rum
635 614 765 662 dum
785 612 1111 677 obequitabat
1127 609 1415 671 moenibus,
1434 611 1615 674 sagitta
1632 611 1767 660 ictus
1786 625 1885 661 est.
1944 612 2047 661 Ce-

495 684 578 749 pit
601 693 774 730 tamen
798 680 1076 745 oppidum,
1107 690 1161 729 et
1177 678 1419 726 omnibus
1440 678 1627 726 incolis
1642 678 1754 727 eius
1772 678 2045 731 trucidatis

467 788 486 801 .
497 749 654 797 etiam
670 748 723 795 in
741 758 874 795 tecta
893 748 1144 796 saevitum
1157 756 1250 794 est.
1285 743 1412 792 Inde
1424 742 1623 793 domita
1636 746 1865 809 ignobili
1876 759 2043 812 gente.

495 814 563 864 ad
583 814 779 882 Nysam
811 814 999 863 urbem
1025 808 1273 880 perv'enit.
1338 812 1496 860 Forte
1533 814 1711 861 castris
1746 825 1871 862 ante
1890 831 2043 863 moe-

495 882 578 931 nia
597 882 705 949 ipsa
725 882 779 929 in
799 881 1018 931 silvestri
1039 883 1155 929 loco
1170 878 1352 945 positis
1367 916 1383 940 ,
1420 891 1741 929 nocturnum
1758 881 1933 945 frigus
1952 899 2039 931 ve-

495 949 784 999 hementius
806 966 964 1014 quam
983 950 1105 1012 alias
1124 947 1339 995 horrore
1361 962 1578 1011 corpora
1596 948 1772 996 affecit
1782 981 1803 1006 ,
1842 965 2037 1015 oppor-

499 1028 781 1082 tunumque
799 1015 1091 1065 remedium
1106 1015 1239 1078 ignis
1258 1014 1489 1063 oblatum
1512 1025 1608 1063 est.
1642 1013 1823 1064 Caesis
1846 1018 2039 1081 quippe

495 1086 636 1133 silvis
672 1087 938 1132 flammam
975 1084 1349 1131 excitaverunt:
1400 1098 1529 1147 quae
1567 1081 1676 1145 igni
1714 1083 1845 1131 alita
1886 1085 2040 1148 oppi-

493 1150 750 1202 danorum
771 1151 1006 1214 sepulcra
1028 1148 1437 1215 comprehendit.
1490 1148 1700 1197 Vetusta
1726 1148 1893 1198 cedro
1914 1152 2044 1201 faeta

497 1227 668 1278 erant,
689 1227 1099 1282 conceptumque
1118 1215 1292 1279 ignem
1310 1217 1409 1263 late
1431 1214 1637 1276 fudere3
1668 1214 1844 1265 donec
1866 1222 2042 1267 omnia

496 1286 610 1333 solo
632 1296 842 1349 aequata
863 1294 996 1333 sunt.
1066 1282 1135 1331 Et
1166 1300 1226 1331 ex
1246 1283 1374 1330 urbe
1402 1284 1639 1348 primum
1661 1300 1855 1332 canum
1883 1286 2043 1335 latra-

498 1362 597 1415 tus,
619 1351 806 1401 deinde
828 1353 983 1400 etiam
993 1350 1269 1399 hominum
1278 1350 1513 1398 fremitus
1534 1349 1740 1398 auditus
1764 1363 1863 1401 est.
1902 1353 2039 1401 Tum
2073 1402 2074 1407 ,

499 1431 553 1469 et
575 1420 820 1489 oppidani
837 1419 1042 1468 hostem
1056 1453 1071 1479 ,
1092 1428 1143 1466 et
1160 1416 1469 1465 Macedones
1490 1419 1628 1482 ipsos
1650 1416 1717 1465 ad
1730 1419 1935 1469 urbem
1954 1438 2041 1469 ve-
2072 1420 2074 1473 ἕ

497 1488 635 1537 nisse
675 1497 1002 1553 cognoscunt.
1069 1485 1282 1549 Iamque
1322 1502 1414 1533 rex
1452 1485 1702 1533 eduxerat
1738 1488 1927 1551 copias
1943 1524 1959 1549 ,
1998 1499 2046 1536 et

500 1556 707 1603 moenia
728 1554 1022 1613 obsidebat3
1056 1568 1177 1600 cum
1190 1552 1435 1612 hostium,
1456 1553 1546 1616 qui
1566 1551 1853 1603 discrimen
1874 1566 2049 1603 tenta-
2070 1584 2072 1589 ·

500 1633 703 1685 verant,
725 1622 896 1671 obruti
919 1620 1031 1669 telis
1052 1630 1187 1668 sunt.
1253 1617 1387 1667 Aliis
1414 1635 1535 1682 ergo
1556 1618 1884 1671 deditionem
1898 1658 1917 1684 ,
1934 1624 2045 1671 aliis

500 1706 733 1756 pugnam
753 1688 970 1753 experiri
989 1685 1251 1753 placebat:
1292 1702 1517 1750 quorum
1541 1684 1869 1738 dubitatione
1896 1706 2047 1738 com-
2070 1714 2072 1768 4

497 1767 659 1819 perta,
674 1753 1051 1804 circumideri
1068 1752 1283 1822 tontum
1296 1769 1404 1812 eoS,
1419 1761 1477 1802 et
1484 1751 1761 1803 abstineri
1770 1756 2045 1807 caedibus
2058 1799 2071 1839 1

499 1822 664 1871 iussit.
734 1820 1074 1885 Tandemque
1096 1820 1377 1871 obsidionis
1395 1821 1557 1871 malis
1566 1822 1763 1885 fatigati
1784 1822 2041 1874 dedidere

499 1906 573 1941 se.
639 1886 698 1939 A
723 1887 922 1937 Libero
951 1890 1127 1937 Patre
1157 1887 1406 1937 conditos
1435 1904 1497 1937 se
1526 1905 1649 1938 esse
1681 1888 1957 1953 dicebant3
1998 1903 2043 1941 et

500 1974 618 2007 vera
649 1955 774 2005 haec
807 1956 951 2019 origo
986 1966 1111 2004 erat.
1180 1954 1290 2004 Sita
1320 1968 1398 2005 est
1426 1955 1521 2004 sub
1541 1955 1802 2005 radicibus
1824 1960 2043 2015 montis,

501 2040 660 2091 quem
672 2017 868 2074 Meron
878 2024 1077 2073 incolae
1089 2020 1365 2089 appellant.
1404 2022 1533 2071 Inde
1546 2022 1734 2075 Graeci
1743 2025 2043 2075 mentiendi

501 2104 697 2141 traxere
736 2092 1018 2151 licentiam,
1070 2089 1223 2140 Iovis
1254 2088 1463 2157 femine
1505 2090 1771 2141 Liberum
1804 2094 2045 2142 Patrem

501 2172 621 2207 esse
653 2156 907 2208 celatum.
975 2159 1109 2219 Rex,
1148 2158 1250 2205 situ
1279 2158 1473 2205 montis
1504 2160 1709 2222 cognito
1742 2175 1807 2207 ex
1840 2161 2045 2221 incolis,

502 2240 623 2273 cum
646 2237 757 2275 toto
779 2226 1030 2284 exercitu,
1049 2225 1339 2291 praemissis
1359 2226 1757 2286 commeatibus,
1787 2229 2045 2276 verticem

502 2292 610 2340 eius
653 2292 897 2341 ascendit.
975 2292 1143 2341 Multa
1182 2291 1371 2340 hedera
1407 2292 1625 2357 vitisque
1662 2303 1773 2341 toto
1814 2294 2047 2358 gignitur

502 2368 705 2420 monte;
753 2360 948 2408 multae
985 2375 1234 2425 perennes
1274 2375 1433 2422 aquae
1462 2369 1687 2407 manant.
1746 2358 2045 2411 Pomorum

501 2442 709 2491 quoque
728 2426 856 2474 varii
873 2425 1203 2489 salubresque
1224 2427 1363 2474 succi
1383 2438 1515 2484 sunt,
1538 2444 1626 2475 sua
1645 2438 1832 2491 sponte
1846 2428 2043 2477 fortui-

502 2508 677 2541 torum
703 2492 964 2540 seminum
991 2490 1163 2555 fruges
1183 2490 1345 2541 humo
1375 2494 1653 2542 nutriente.
1717 2492 1883 2543 Lauri
1910 2494 2041 2544 bac-

501 2571 690 2623 caeque
711 2570 762 2606 et
780 2558 944 2605 multa
966 2558 1018 2605 in
1037 2558 1141 2605 iuis
1160 2560 1378 2627 rupibus
1391 2561 1697 2624 agrestiseit
1708 2562 1858 2609 silva.
1904 2560 2039 2611 Cre·

503 2622 575 2671 do
604 2624 873 2688 equidem,
913 2641 1018 2674 non
1053 2622 1227 2676 divino
1258 2627 1527 2691 instinctu,
1567 2626 1662 2677 sed
1688 2628 1903 2678 lascivia
1929 2642 2039 2677 esse
