2084 3009
426 161 533 223 432
808 157 853 208 1.
908 154 1554 210 FREINSHEMII

426 262 565 325 dine,
588 272 639 312 et
659 261 962 326 opportunis
983 259 1214 324 imperiis
1235 260 1404 306 omnia
1425 257 1652 323 pericula
1676 259 1971 323 propulsa-

423 330 541 392 bat3
562 331 839 382 ctfortuna
859 328 912 375 in
932 337 1165 392 tempore
1187 327 1441 375 subvenit.
1475 325 1636 388 Igitur
1658 335 1711 372 et
1731 327 1827 390 qui
1853 345 1974 374 ma-

426 397 606 447 chinas
626 395 975 455 incenderant,
1016 413 1048 444 a
1068 393 1456 453 Macedonibu5‚
1495 394 1582 457 qui
1603 393 1676 440 ibi
1700 393 1978 456 curabant,

425 467 621 530 quique
655 481 684 512 a
712 479 833 526 rege
874 462 1018 510 missi
1057 461 1286 510 subsidio
1321 472 1579 520 venerant,
1621 477 1746 508 cum
1776 478 1978 525 mag-na

426 532 573 581 clade
592 531 789 596 repulsi
809 540 953 588 sunt3
994 541 1044 579 et
1065 529 1402 577 Memnonem
1413 525 1742 575 Ptolemaeus
1767 531 1978 593 excepit
2051 587 2053 592 Ι

426 595 658 664 Philippi
676 598 826 657 filius,
849 597 975 659 regii
995 597 1224 662 corporis
1248 607 1432 657 custos,
1471 605 1676 660 praeter
1697 596 1978 661 propriam

426 683 643 716 manum
664 663 867 713 Addaei
889 664 1264 727 Timandriq‘ue
1287 662 1582 710 cohortibus
1604 661 1830 726 stipatus
1844 681 1859 711 t
1886 681 1978 712 ea-

426 750 529 798 que
568 743 713 797 parte
752 731 953 796 egregie
994 732 1227 779 vicerunt
1265 729 1602 788 Macedones,
1643 745 1976 794 quamquam

426 799 791 852 Ptolemaeum
828 794 1205 863 Addaeumque
1219 831 1236 856 ‚
1278 810 1326 845 et
1357 797 1754 860 sagittariorum
1779 797 1976 851 ducem

428 865 741 917 Clearcbum
798 881 918 914 cum
956 865 1292 929 quadraginta
1336 864 1498 913 ferme
1549 863 1974 929 manipularibus

424 935 739 996 amisissent3
788 945 839 982 et
858 931 1031 983 hostes
1066 950 1187 981 cum
1207 944 1345 981 tanta
1364 943 1440 980 tre
1481 930 1710 979 idatione
1737 948 1977 980 recesse-

426 1013 564 1063 runt,
595 1014 653 1049 ut
673 1010 951 1064 angustum
971 1013 1203 1064 pontem,
1227 1016 1385 1066 quem
1404 1017 1431 1046 a
1491 999 1690 1046 fossam
1711 1015 1975 1062 superan-

428 1067 551 1118 dam
591 1078 1003 1129 construxerant,
1042 1066 1326 1116 multitudo
1368 1065 1722 1113 festinantium
1746 1068 1972 1129 ruperit,

426 1135 505 1194 iis,
529 1135 618 1198 qui
638 1133 1041 1196 superstiterunt,
1076 1136 1129 1181 in
1149 1149 1390 1198 praeceps
1413 1131 1688 1182 devolutis.
1739 1133 1824 1181 Ex
1843 1135 1973 1196 qui-

425 1201 525 1252 bus
557 1199 801 1248 nonnulli
820 1216 849 1246 a
869 1200 972 1246 suis
1004 1200 1292 1248 conculcati
1321 1199 1651 1260 interierunt3
1693 1200 1823 1259 alios
1843 1200 1974 1248 Ma-

427 1266 649 1318 cedones
670 1283 733 1314 ex
752 1265 1017 1332 superiore
1036 1268 1156 1316 loco
1175 1267 1292 1315 telis
1311 1267 1588 1318 confixere.
1645 1265 1820 1328 Multi,
1843 1269 1972 1330 qui-
2052 1321 2053 1328 ἵ

426 1335 525 1388 bus
547 1337 644 1384 ista
663 1334 924 1383 calamitas
946 1346 1260 1401 pepercerat,
1281 1335 1376 1383 sub
1399 1334 1506 1397 ipsa
1528 1333 1674 1394 urbis
1696 1346 1848 1399 porta
1868 1353 1969 1383 ne-

428 1421 543 1452 cem
562 1404 890 1452 invenerunt:
931 1402 1122 1466 quippe
1143 1401 1395 1450 exterritis
1417 1401 1680 1462 omnibus,
1718 1414 1970 1451 metuen-

428 1471 682 1534 tibusque,
704 1485 769 1518 ne
790 1483 893 1515 una
912 1465 1226 1516 Macedones
1248 1468 1609 1532 irrumperent,
1639 1480 1787 1532 porta
1809 1487 1969 1534 prae—

429 1553 647 1602 propere
689 1535 896 1583 occlusa
944 1550 1190 1599 magnam
1231 1533 1616 1600 oppidanorum
1655 1547 1860 1600 partem
1900 1535 1970 1586 ad

427 1605 643 1653 exiti-..m
660 1601 796 1649 hosti
814 1600 1043 1651 tradidit.
1094 1600 1234 1651 Inter
1265 1601 1389 1650 haec
1407 1600 1684 1665 Ephialtes,
1722 1621 1831 1652 non
1873 1621 1970 1669 spe
2049 1627 2051 1634 ·

426 1671 591 1732 magis
613 1685 771 1734 quam
790 1665 1145 1734 desperatione
1167 1667 1523 1730 formidabilis,
1565 1686 1687 1718 cum
1709 1671 1860 1735 regiis
1883 1672 1971 1720 fe-
2049 1729 2051 1738 ⁴

424 1738 613 1786 rociter
634 1735 935 1786 dimicabat:
975 1749 1025 1785 et
1045 1737 1322 1802 ancipitem
1352 1737 1556 1803 fecisset
1572 1731 1865 1796 victbriam,
1909 1741 1967 1788 ni

423 1803 778 1852 laborantibus
800 1805 903 1851 suis
924 1806 1153 1854 seniores
1165 1803 1514 1853 Macedonum
1534 1813 1733 1854 m'ature
1753 1822 1967 1854 succur-

423 1872 625 1920 rissent.
660 1867 704 1914 li
726 1869 779 1914 in
801 1871 977 1918 castris
997 1870 1319 1920 habebantur
1339 1873 1598 1920 immunes
1621 1873 1842 1936 operum
1862 1889 1960 1936 pe-

423 1937 825 1998 riculorumque,
845 1934 945 1983 nisi
962 1935 1053 1982 ubi
1067 1935 1334 1985 necessitas
1360 1937 1601 2000 exigeret,
1623 1955 1742 1986 cum
1761 1939 1964 2004 stipen-

424 2005 524 2056 diis
545 2002 886 2070 praemiisque
906 2001 1244 2052 nihilominus
1275 2003 1677 2068 perfruerentur.
1743 2005 1966 2056 Merue-

423 2083 542 2122 rant
562 2089 685 2120 eum
704 2070 962 2119 honorem
980 2070 1201 2120 fortibus
1223 2071 1384 2132 factis,
1410 2084 1460 2120 et
1480 2074 1577 2122 sub
1599 2074 1962 2138 superioribus

423 2139 631 2202 regibus
657 2141 870 2205 ipsoque
909 2136 1206 2190 Alexandro
1246 2139 1447 2188 bellicis
1485 2141 1754 2191 laboribus
1795 2153 1964 2192 aetate

426 2217 619 2256 exacta.
671 2206 731 2267 Ii,
764 2221 885 2254 cum
904 2223 1021 2254 suos
1051 2207 1290 2272 periculis
1321 2209 1524 2256 territos
1547 2207 1830 2257 detrectare
1851 2227 1964 2274 pu-

498 2289 598 2333 am,
636 2283 689 2320 et
717 2273 943 2337 receptui
972 2274 1152 2322 locum
1181 2271 1572 2339 circumspicere
1591 2275 1961 2339 intelligerent,

425 2290 639 2392 {ntharia
660 2338 891 2404 quodam
910 2339 1058 2403 duce,
1097 2343 1152 2389 in
1190 2341 1414 2406 primam
1454 2343 1618 2390 aciem
1654 2345 1960 2406 provolant3

427 2425 743 2473 accensoque
765 2405 909 2471 quod
929 2408 1222 2472 elanguerat
1237 2409 1454 2472 proelio,
1477 2410 1699 2458 iuniores
1713 2411 1960 2459 conviciis

429 2487 479 2525 et
497 2475 699 2541 pudore
720 2473 895 2538 flagitii
915 2474 979 2523 ad
1009 2475 1350 2526 resumendos
1381 2478 1580 2525 animos
1617 2477 1963 2541 compellunt·

426 2539 506 2591 Ita
528 2543 685 2591 simul
704 2543 950 2590 acerrimo
972 2544 1089 2592 nisu
1109 2542 1524 2597 incumbentibus
1545 2545 1804 2606 omnibus,
1837 2563 1963 2596 cum

430 2605 830 2656 aemulationem
886 2625 1037 2658 suam
1091 2609 1323 2659 hostium
1379 2609 1582 2662 damnis
1638 2625 1962 2672 exercerent,

1135 2822 1159 2836 ,t
