2084 3009
461 159 568 213 2oe
988 146 1057 212 Q.
1124 143 1461 200 CVRTII

461 263 604 320 gant:
628 264 756 316 quae
773 248 980 297 mitiora
1006 258 1143 308 sunt,
1163 246 1423 299 frumento
1448 261 1815 313 conseruntur,
1840 264 2013 305 cetera

459 330 810 369 armentorum
828 315 1020 382 pabulo
1043 313 1247 365 cedunt.
1304 314 1553 380 Magnam
1571 314 1767 365 deinde
1799 332 2017 385 partem

459 385 694 438 eiusdem
706 395 872 433 terrae
893 382 1087 431 steriles
1117 398 1297 431 arenae
1326 392 1532 433 tenent:
1572 383 1819 447 squalida
1850 388 2010 437 sicci-

391 456 396 461 “
458 466 560 503 tate
579 453 718 517 regio
741 468 850 500 non
867 449 1160 509 hominem,
1197 466 1305 499 non
1325 448 1535 513 frugem
1556 451 1673 498 alit:
1728 468 1857 503 cum
1878 472 2005 507 vero

462 521 598 571 venti
617 537 646 567 a
664 518 877 568 Pontico
895 516 1027 566 mari
1048 516 1255 582 spirant,
1294 514 1553 581 quidquid
1573 517 1749 567 sabuli
1770 520 1833 569 in
1854 536 2008 569 cam-

460 590 538 654 pis
558 587 700 647 iacet,
721 592 1048 634 converrunt.
1116 579 1275 647 Quod
1292 582 1385 631 ubi
1406 584 1742 633 cumulatum
1760 596 1861 644 est,
1882 603 2005 633 ma-

460 667 686 719 gnorum
707 651 922 699 collium
947 649 1133 711 procul
1150 648 1341 711 species
1362 660 1453 710 est,
1485 651 1771 711 omniaque
1792 650 2009 713 pristini

461 720 656 769 itineris
674 716 881 779 vestigia
900 716 1181 764 intereunt.
1222 712 1400 776 Itaque
1421 709 1513 777 qui
1542 724 1815 776 transeunt
1844 732 2001 767 cam-

462 802 584 853 pos,
622 782 975 846 navigantium
1003 778 1164 828 modo
1197 789 1351 827 noctu
1380 778 1548 828 sidera
1579 779 1895 846 observant,
1938 781 2005 833 ad

465 866 691 919 quorum
710 863 919 899 cursum
944 848 1040 896 iter
1060 844 1302 908 dirigunt,
1326 856 1383 901 et¹
1393 845 1792 911 propemodum
1814 849 2005 899 clarior

465 930 542 970 est
560 917 722 967 noctis
743 916 978 977 umbra„
993 928 1151 977 qnam
1168 913 1273 961 lux.
1328 912 1471 976 Ergo
1502 912 1735 962 interdiu
1762 914 1909 965 invia
1932 929 2007 967 est

462 987 620 1051 regio,
643 984 762 1051 quia
781 998 876 1031 nec
893 981 1183 1043 vestigium,
1210 977 1353 1044 quod
1370 990 1667 1043 sequantur,
1699 981 2005 1041 inveniann

465 1064 517 1102 et
544 1053 680 1104 nitor
711 1049 945 1099 siderum
983 1048 1197 1109 caligine
1238 1046 1591 1097 absconditur.
1661 1045 1925 1099 Ceterum
1964 1052 2004 1098 si

463 1134 592 1183 qnos
623 1119 712 1166 ille
742 1126 950 1175 ventus,
990 1114 1081 1177 qui
1112 1130 1141 1161 a
1169 1114 1304 1162 mari
1335 1114 1593 1175 exoritur,
1633 1112 2003 1180 deprehendit,

463 1202 616 1235 arena
636 1182 824 1233 obruit.
881 1180 987 1230 Sed
1005 1197 1106 1245 qua
1124 1179 1299 1229 mitior
1316 1192 1451 1229 terra
1472 1192 1573 1243 est,
1613 1179 1805 1245 ingens
1828 1183 2006 1233 homi-

464 1267 594 1301 num
625 1263 978 1314 equorumque
1008 1244 1290 1295 multitudo
1330 1247 1570 1311 gignitur.
1640 1242 1872 1314 [Itaque
1906 1251 2006 1301 Ba-

466 1317 644 1369 ctriani
665 1315 856 1381 equites
876 1330 995 1362 xxx
1011 1314 1176 1362 millia
1200 1311 1577 1379 expleverant.]
1648 1313 1779 1379 Ipsa
1808 1316 2003 1375 Bactra,

467 1384 688 1451 regionis
711 1384 817 1432 eius
839 1392 1016 1447 caput,
1049 1382 1143 1429 sita
1162 1392 1279 1429 sunt
1300 1378 1396 1429 sub
1416 1393 1597 1430 monte
1618 1378 2003 1448 Parapamiso.'

465 1454 676 1503 Bactrus
709 1450 872 1499 amnis
901 1449 1140 1514 praeterit
1168 1448 1391 1497 moenia.
1458 1447 1509 1497 Is
1540 1448 1663 1497 urbi
1704 1461 1759 1498 et
1798 1446 2006 1516 regioni

467 1513 612 1570 dedit
640 1534 852 1569 nomen.
921 1515 1018 1563 Hic
1034 1514 1145 1579 regi
1176 1516 1353 1563 stativa
1383 1513 1594 1564 habenti
1624 1518 1909 1567 nuntiatur
1948 1535 2009 1569 ex

465 1585 683 1637 Graecia
731 1581 1231 1648 Peloponnensium
1279 1582 1673 1648 Laconumque
1736 1582 2007 1652 defectio.

463 1651 716 1704 Nondum
745 1650 887 1699 enim
913 1648 1032 1699 victi
1068 1659 1235 1710 erant,
1286 1663 1409 1697 cum
1440 1650 1897 1715 proficiscerentur
1924 1664 2009 1701 tu·-

468 1720 666 1769 multus
699 1718 807 1767 eius
839 1715 1089 1782 principia
1120 1715 1417 1765 nuntiaturi.
1432 1768 1449 1778 ι
1486 1716 1555 1763 Et
1593 1716 1725 1766 alius
1766 1736 2008 1783 praesens

464 1795 629 1834 terror
648 1786 881 1842 affertur,
924 1780 1187 1845 Scythas,
1227 1782 1324 1851 qui
1348 1780 1499 1831 ultra
1524 1782 1767 1834 Tanaim
1788 1802 2003 1835 amnem

467 1848 683 1913 colunt,
721 1848 1034 1898 adventare
1065 1850 1237 1897 Besso
1254 1845 1518 1915 ferentes
1551 1865 1727 1915 opem..
1800 1853 2005 1901 Eodem

469 1932 725 1985 tempore,
765 1913 986 1983 quaein
1003 1923 1181 1982 gente
1202 1914 1461 1965 Ariorum
1496 1916 1759 1967 Caranus
1790 1927 1851 1968 et
1880 1919 2003 1967 Eri-

465 1986 636 2057 gyius
680 1988 1008 2053 gesserant,
1037 1982 1407 2046 ·perfer1u1tur.
1441 1991 1451 1997 ”
1492 1981 1858 2035 Commissum
1900 1998 2004 2035 erat

467 2054 726 2121 proelium
743 2051 882 2103 inte:
894 2047 1200 2098 Macedones
1229 2045 1504 2113 Ariosque·
1572 2050 1870 2117 Transfuga
1902 2052 2003 2103 Sa·-

465 2123 747 2172 tibarzanes
780 2116 1012 2167 barbaris
1045 2127 1299 2181 praeerat:
1359 2117 1449 2180 qui
1480 2134 1602 2167 etun
1638 2135 1877 2183 pugnam
1910 2136 2003 2168 se·-

464 2202 620 2251 gnem
638 2186 895 2249 utrimque
918 2184 1090 2249 aequis
1110 2184 1301 2233 viribus
1322 2193 1454 2231 stare
1473 2184 1699 2244 vidisset,
1722 2187 1777 2237 in
1797 2185 2003 2253 primos

464 2254 669 2303 ordines
690 2249 1012 2315 adequitavit,
1034 2250 1308 2314 demtaque
1328 2250 1471 2314 galea
1485 2288 1499 2313 ,
1530 2251 1767 2317 inhibitis
1788 2255 1882 2319 qui
1898 2254 2003 2301 tela

465 2320 729 2380 iaciebant,
757 2318 931 2381 siquis
951 2316 1164 2367 viritim
1182 2316 1445 2367 dimicare
1467 2316 1638 2369 vellet
1649 2352 1666 2376 ,
1696 2320 2005 2385 provocavit

465 2385 531 2438 ad
550 2398 803 2451 pugnam,
839 2383 1045 2432 nudum
1066 2399 1127 2432 se
1150 2399 1216 2432 ca
1257 2392 1319 2433 ut
1338 2384 1397 2433 in
1424 2385 1731 2437 certamine
1764 2384 2002 2437 hahitu-

465 2467 602 2503 rum.
669 2450 788 2501 Non
805 2450 921 2498 tulit
941 2449 1189 2499 ferociam.
1254 2451 1421 2500 arbari
1450 2450 1557 2502 dux
1585 2453 1838 2503 exercitus
1870 2454 2002 2503 Eri-

465 2520 608 2585 gyius
621 2554 634 2579 ‚
676 2515 836 2581 gravis
857 2514 1070 2577 quidem
1090 2515 1276 2576 aetate,
1320 2516 1415 2566 sed
1436 2530 1485 2569 et
1504 2520 1665 2569 animi
1685 2530 1737 2569 et
1756 2521 1999 2584 corporis

468 2582 804 2635 robore-nulli
833 2580 1076 2633 iuvenum
1106 2582 1485 2648 postte-endas.
1552 2584 1603 2636 Is
1634 2586 1781 2651 galea
1814 2586 1995 2645 demta
