<?xml version="1.0" encoding="UTF-8"?>
<!DOCTYPE html PUBLIC "-//W3C//DTD XHTML 1.0 Transitional//EN"
    "http://www.w3.org/TR/xhtml1/DTD/xhtml1-transitional.dtd">
<html xmlns="http://www.w3.org/1999/xhtml" xml:lang="en" lang="en">
 <head>
  <title>
</title>
<meta http-equiv="Content-Type" content="text/html;charset=utf-8" />
  <meta name='ocr-system' content='tesseract 3.04.00' />
  <meta name='ocr-capabilities' content='ocr_page ocr_carea ocr_par ocr_line ocrx_word'/>
</head>
<body>
  <div class='ocr_page' id='page_1' title='image "./qcurtiirufihist00freigoog_0177.png"; bbox 0 0 2084 3009; ppageno 0'>
   <div class='ocr_carea' id='block_1_1' title="bbox 347 82 1481 193">
    <p class='ocr_par' dir='ltr' id='par_1_1' title="bbox 347 82 1481 193">
     <span class='ocr_line' id='line_1_1' title="bbox 347 82 1481 193; baseline -0.017 -2"><span class='ocrx_word' id='word_1_1' title='bbox 347 123 364 153; x_wconf 64' lang='lat'>⁸</span> <span class='ocrx_word' id='word_1_2' title='bbox 409 131 516 190; x_wconf 88' lang='lat'><em>170</em></span> <span class='ocrx_word' id='word_1_3' title='bbox 937 126 1008 193; x_wconf 87' lang='lat' dir='ltr'><em>Q.</em></span> <span class='ocrx_word' id='word_1_4' title='bbox 1076 82 1481 178; x_wconf 59' lang='lat' dir='ltr'><em>ovain,¹</em></span> 
     </span>
    </p>
   </div>
   <div class='ocr_carea' id='block_1_2' title="bbox 351 214 1939 2629">
    <p class='ocr_par' dir='ltr' id='par_1_2' title="bbox 351 214 1939 2629">
     <span class='ocr_line' id='line_1_2' title="bbox 410 214 1939 292; baseline -0.003 -10"><span class='ocrx_word' id='word_1_5' title='bbox 410 228 638 291; x_wconf 79' lang='lat' dir='ltr'><em>mentis,</em></span> <span class='ocrx_word' id='word_1_6' title='bbox 676 244 786 277; x_wconf 83' lang='lat' dir='ltr'><em>non</em></span> <span class='ocrx_word' id='word_1_7' title='bbox 813 223 1049 278; x_wconf 71' lang='lat' dir='ltr'><em>auzicum</em></span> <span class='ocrx_word' id='word_1_8' title='bbox 1077 224 1259 284; x_wconf 84' lang='lat' dir='ltr'><em>modo,</em></span> <span class='ocrx_word' id='word_1_9' title='bbox 1301 224 1406 287; x_wconf 71' lang='lat' dir='ltr'><em>sed</em></span> <span class='ocrx_word' id='word_1_10' title='bbox 1434 242 1504 273; x_wconf 78' lang='lat' dir='ltr'><em>ex</em></span> <span class='ocrx_word' id='word_1_11' title='bbox 1534 214 1734 275; x_wconf 83' lang='lat' dir='ltr'><em>ultima</em></span> <span class='ocrx_word' id='word_1_12' title='bbox 1764 224 1939 292; x_wconf 75' lang='lat' dir='ltr'><em>plebe,</em></span> 
     </span>
     <span class='ocr_line' id='line_1_3' title="bbox 409 291 1939 364; baseline -0.003 -17"><span class='ocrx_word' id='word_1_13' title='bbox 409 297 620 347; x_wconf 82' lang='lat' dir='ltr'><em>auditis</em></span> <span class='ocrx_word' id='word_1_14' title='bbox 653 311 795 364; x_wconf 83' lang='lat' dir='ltr'><em>quae</em></span> <span class='ocrx_word' id='word_1_15' title='bbox 827 293 1057 343; x_wconf 83' lang='lat' dir='ltr'><em>adeum</em></span> <span class='ocrx_word' id='word_1_16' title='bbox 1086 291 1275 341; x_wconf 83' lang='lat' dir='ltr'><em>delata</em></span> <span class='ocrx_word' id='word_1_17' title='bbox 1308 300 1499 352; x_wconf 83' lang='lat' dir='ltr'><em>erant,</em></span> <span class='ocrx_word' id='word_1_18' title='bbox 1542 308 1650 341; x_wconf 86' lang='lat' dir='ltr'><em>non</em></span> <span class='ocrx_word' id='word_1_19' title='bbox 1671 293 1939 357; x_wconf 78' lang='lat' dir='ltr'><em>protinus</em></span> 
     </span>
     <span class='ocr_line' id='line_1_4' title="bbox 409 350 1936 432; baseline -0.001 -20"><span class='ocrx_word' id='word_1_20' title='bbox 409 364 490 413; x_wconf 79' lang='lat' dir='ltr'><em>ad</em></span> <span class='ocrx_word' id='word_1_21' title='bbox 516 380 706 432; x_wconf 81' lang='lat' dir='ltr'><em>regem</em></span> <span class='ocrx_word' id='word_1_22' title='bbox 723 362 915 431; x_wconf 85' lang='lat' dir='ltr'><em>fuisse</em></span> <span class='ocrx_word' id='word_1_23' title='bbox 947 376 1236 409; x_wconf 88' lang='lat' dir='ltr'><em>cursurum</em></span> <span class='ocrx_word' id='word_1_24' title='bbox 1250 358 1301 423; x_wconf 66' lang='lat' dir='ltr'><em>P,</em></span> <span class='ocrx_word' id='word_1_25' title='bbox 1327 360 1405 409; x_wconf 87' lang='lat' dir='ltr'><em>Ne</em></span> <span class='ocrx_word' id='word_1_26' title='bbox 1440 357 1687 407; x_wconf 83' lang='lat' dir='ltr'><strong><em>Cebalini</em></strong></span> <span class='ocrx_word' id='word_1_27' title='bbox 1706 350 1936 426; x_wconf 83' lang='lat' dir='ltr'><em>‘quidem</em></span> 
     </span>
     <span class='ocr_line' id='line_1_5' title="bbox 409 426 1931 497; baseline -0.004 -16"><span class='ocrx_word' id='word_1_28' title='bbox 409 430 682 497; x_wconf 76' lang='lat' dir='ltr'><em>exemplo,</em></span> <span class='ocrx_word' id='word_1_29' title='bbox 725 430 822 497; x_wconf 89' lang='lat' dir='ltr'><em>qui</em></span> <span class='ocrx_word' id='word_1_30' title='bbox 848 445 916 477; x_wconf 78' lang='lat' dir='ltr'><em>ex</em></span> <span class='ocrx_word' id='word_1_31' title='bbox 933 428 1128 495; x_wconf 85' lang='lat' dir='ltr'><em>fratre</em></span> <span class='ocrx_word' id='word_1_32' title='bbox 1161 434 1437 491; x_wconf 82' lang='lat' dir='ltr'><em>comperta</em></span> <span class='ocrx_word' id='word_1_33' title='bbox 1460 426 1571 491; x_wconf 68' lang='lat' dir='ltr'><em>ipsi</em></span> <span class='ocrx_word' id='word_1_34' title='bbox 1598 426 1931 489; x_wconf 69' lang='lat' dir='ltr'><em>nuntiasset,</em></span> 
     </span>
     <span class='ocr_line' id='line_1_6' title="bbox 400 489 1929 568; baseline -0.006 -14"><span class='ocrx_word' id='word_1_35' title='bbox 400 494 994 568; x_wconf 73' lang='lat' dir='ltr'><em>Parmenibnisfi‘lium,</em></span> <span class='ocrx_word' id='word_1_36' title='bbox 1007 496 1355 567; x_wconf 84' lang='lat' dir='ltr'><em>praesectum</em></span> <span class='ocrx_word' id='word_1_37' title='bbox 1376 489 1674 564; x_wconf 71' lang='lat' dir='ltr'><em>equitatus,</em></span> <span class='ocrx_word' id='word_1_38' title='bbox 1696 496 1929 547; x_wconf 84' lang='lat' dir='ltr'><em>omnium</em></span> 
     </span>
     <span class='ocr_line' id='line_1_7' title="bbox 401 562 1925 636; baseline -0.007 -15"><span class='ocrx_word' id='word_1_39' title='bbox 401 585 732 621; x_wconf 85' lang='lat' dir='ltr'><em>arcanorum</em></span> <span class='ocrx_word' id='word_1_40' title='bbox 752 568 909 636; x_wconf 81' lang='lat' dir='ltr'><em>regis</em></span> <span class='ocrx_word' id='word_1_41' title='bbox 929 568 1197 617; x_wconf 87' lang='lat' dir='ltr'><em>arbitrum</em></span> <span class='ocrx_word' id='word_1_42' title='bbox 1220 563 1251 613; x_wconf 70' lang='grc' dir='ltr'><em>Ρ</em></span> <span class='ocrx_word' id='word_1_43' title='bbox 1309 562 1607 613; x_wconf 72' lang='lat' dir='ltr'><em>simulasse</em></span> <span class='ocrx_word' id='word_1_44' title='bbox 1630 563 1803 613; x_wconf 86' lang='lat' dir='ltr'><em>etiam</em></span> <span class='ocrx_word' id='word_1_45' title='bbox 1821 580 1925 623; x_wconf 82' lang='lat' dir='ltr'><em>non</em></span> 
     </span>
     <span class='ocr_line' id='line_1_8' title="bbox 401 629 1925 701; baseline -0.007 -13"><span class='ocrx_word' id='word_1_46' title='bbox 401 653 636 689; x_wconf 74' lang='lat' dir='ltr'><em>vacasse</em></span> <span class='ocrx_word' id='word_1_47' title='bbox 657 634 900 685; x_wconf 88' lang='lat' dir='ltr'><em>sermoni</em></span> <span class='ocrx_word' id='word_1_48' title='bbox 917 651 1017 685; x_wconf 83' lang='lat' dir='ltr'><em>suo</em></span> <span class='ocrx_word' id='word_1_49' title='bbox 1039 647 1251 701; x_wconf 74' lang='lat' dir='ltr'><em>regem,</em></span> <span class='ocrx_word' id='word_1_50' title='bbox 1279 648 1344 681; x_wconf 87' lang='lat' dir='ltr'><em>ne</em></span> <span class='ocrx_word' id='word_1_51' title='bbox 1364 630 1534 680; x_wconf 80' lang='lat' dir='ltr'><strong><em>index</em></strong></span> <span class='ocrx_word' id='word_1_52' title='bbox 1556 629 1731 679; x_wconf 90' lang='lat' dir='ltr'><em>alium</em></span> <span class='ocrx_word' id='word_1_53' title='bbox 1753 630 1925 679; x_wconf 84' lang='lat' dir='ltr'><em>inter-</em></span> 
     </span>
     <span class='ocr_line' id='line_1_9' title="bbox 402 696 1927 771; baseline -0.006 -17"><span class='ocrx_word' id='word_1_54' title='bbox 402 704 658 755; x_wconf 87' lang='lat' dir='ltr'><em>nuntium</em></span> <span class='ocrx_word' id='word_1_55' title='bbox 678 710 988 771; x_wconf 84' lang='lat' dir='ltr'><em>quaereret.</em></span> <span class='ocrx_word' id='word_1_56' title='bbox 1060 698 1474 757; x_wconf 81' lang='lat' dir='ltr'><strong><em>Nicomachum,</em></strong></span> <span class='ocrx_word' id='word_1_57' title='bbox 1495 696 1774 767; x_wconf 82' lang='lat' dir='ltr'><em>religione</em></span> <span class='ocrx_word' id='word_1_58' title='bbox 1796 714 1927 765; x_wconf 85' lang='lat' dir='ltr'><em>quo-</em></span> 
     </span>
     <span class='ocr_line' id='line_1_10' title="bbox 405 766 1929 841; baseline -0.005 -21"><span class='ocrx_word' id='word_1_59' title='bbox 405 788 509 841; x_wconf 82' lang='lat' dir='ltr'><em>que</em></span> <span class='ocrx_word' id='word_1_60' title='bbox 529 769 708 819; x_wconf 77' lang='lat' dir='ltr'><em>Dezim</em></span> <span class='ocrx_word' id='word_1_61' title='bbox 730 769 1083 827; x_wconf 83' lang='lat' dir='ltr'><em>adstrictum,</em></span> <span class='ocrx_word' id='word_1_62' title='bbox 1121 766 1511 816; x_wconf 80' lang='lat' dir='ltr'><em>conscientiam</em></span> <span class='ocrx_word' id='word_1_63' title='bbox 1542 782 1707 814; x_wconf 85' lang='lat' dir='ltr'><em>suam</em></span> <span class='ocrx_word' id='word_1_64' title='bbox 1725 781 1929 815; x_wconf 81' lang='lat' dir='ltr'><em>exone-</em></span> 
     </span>
     <span class='ocr_line' id='line_1_11' title="bbox 405 831 1931 905; baseline -0.004 -18"><span class='ocrx_word' id='word_1_65' title='bbox 405 854 535 887; x_wconf 88' lang='lat' dir='ltr'><em>rare</em></span> <span class='ocrx_word' id='word_1_66' title='bbox 547 852 884 905; x_wconf 81' lang='lat' dir='ltr'><em>properasse</em></span> <span class='ocrx_word' id='word_1_67' title='bbox 901 856 918 885; x_wconf 91' lang='lat'><em>.·</em></span> <span class='ocrx_word' id='word_1_68' title='bbox 972 833 1282 894; x_wconf 73' lang='lat' dir='ltr'><em>Philotam,</em></span> <span class='ocrx_word' id='word_1_69' title='bbox 1324 840 1605 882; x_wconf 88' lang='lat' dir='ltr'><em>consumto</em></span> <span class='ocrx_word' id='word_1_70' title='bbox 1616 849 1725 899; x_wconf 80' lang='lat' dir='ltr'><em>per</em></span> <span class='ocrx_word' id='word_1_71' title='bbox 1748 831 1931 881; x_wconf 81' lang='lat' dir='ltr'><em>ludum</em></span> 
     </span>
     <span class='ocr_line' id='line_1_12' title="bbox 403 899 1932 973; baseline -0.003 -19"><span class='ocrx_word' id='word_1_72' title='bbox 403 899 684 973; x_wconf 74' lang='lat' dir='ltr'><em>iocumque</em></span> <span class='ocrx_word' id='word_1_73' title='bbox 705 920 891 970; x_wconf 81' lang='lat' dir='ltr'><em>paene</em></span> <span class='ocrx_word' id='word_1_74' title='bbox 932 911 1045 953; x_wconf 83' lang='lat' dir='ltr'><em>toto</em></span> <span class='ocrx_word' id='word_1_75' title='bbox 1088 902 1203 961; x_wconf 88' lang='lat' dir='ltr'><em>die,</em></span> <span class='ocrx_word' id='word_1_76' title='bbox 1240 909 1543 969; x_wconf 76' lang='lat' dir='ltr'><em>gravatum</em></span> <span class='ocrx_word' id='word_1_77' title='bbox 1586 912 1710 948; x_wconf 84' lang='lat' dir='ltr'><em>esse</em></span> <span class='ocrx_word' id='word_1_78' title='bbox 1743 914 1932 965; x_wconf 81' lang='lat' dir='ltr'><em>pauca</em></span> 
     </span>
     <span class='ocr_line' id='line_1_13' title="bbox 402 964 1934 1039; baseline -0.005 -17"><span class='ocrx_word' id='word_1_79' title='bbox 402 971 601 1035; x_wconf 80' lang='lat' dir='ltr'><em>verba,</em></span> <span class='ocrx_word' id='word_1_80' title='bbox 661 972 740 1021; x_wconf 88' lang='lat' dir='ltr'><em>ad</em></span> <span class='ocrx_word' id='word_1_81' title='bbox 757 979 929 1037; x_wconf 78' lang='lat' dir='ltr'><em>caput</em></span> <span class='ocrx_word' id='word_1_82' title='bbox 953 970 1111 1039; x_wconf 81' lang='lat' dir='ltr'><em>regis</em></span> <span class='ocrx_word' id='word_1_83' title='bbox 1136 968 1507 1034; x_wconf 71' lang='lat' dir='ltr'><em>pertinentia,</em></span> <span class='ocrx_word' id='word_1_84' title='bbox 1548 974 1663 1015; x_wconf 82' lang='lat' dir='ltr'><em>tam</em></span> <span class='ocrx_word' id='word_1_85' title='bbox 1688 964 1861 1035; x_wconf 79' lang='lat' dir='ltr'><em>longo</em></span> <span class='ocrx_word' id='word_1_86' title='bbox 1881 972 1934 1015; x_wconf 79' lang='lat' dir='ltr'><em>et</em></span> 
     </span>
     <span class='ocr_line' id='line_1_14' title="bbox 393 1033 1932 1107; baseline -0.005 -20"><span class='ocrx_word' id='word_1_87' title='bbox 393 1037 652 1107; x_wconf 85' lang='lat' dir='ltr'><em>forsitan</em></span> <span class='ocrx_word' id='word_1_88' title='bbox 689 1054 1033 1102; x_wconf 78' lang='lat' dir='ltr'><em>supervacuo</em></span> <span class='ocrx_word' id='word_1_89' title='bbox 1072 1036 1317 1085; x_wconf 84' lang='lat' dir='ltr'><em>inserere</em></span> <span class='ocrx_word' id='word_1_90' title='bbox 1356 1034 1608 1085; x_wconf 82' lang='lat' dir='ltr'><em>sermoni.</em></span> <span class='ocrx_word' id='word_1_91' title='bbox 1677 1034 1760 1081; x_wconf 82' lang='lat' dir='ltr'><em>At</em></span> <span class='ocrx_word' id='word_1_92' title='bbox 1790 1033 1932 1082; x_wconf 86' lang='lat' dir='ltr'><em>enim</em></span> 
     </span>
     <span class='ocr_line' id='line_1_15' title="bbox 405 1099 1935 1168; baseline -0.005 -14"><span class='ocrx_word' id='word_1_93' title='bbox 405 1121 515 1154; x_wconf 88' lang='lat' dir='ltr'><em>non</em></span> <span class='ocrx_word' id='word_1_94' title='bbox 536 1104 839 1153; x_wconf 81' lang='lat' dir='ltr'><em>credidisse</em></span> <span class='ocrx_word' id='word_1_95' title='bbox 859 1103 1002 1151; x_wconf 85' lang='lat' dir='ltr'><em>talia</em></span> <span class='ocrx_word' id='word_1_96' title='bbox 1023 1100 1401 1167; x_wconf 81' lang='lat' dir='ltr'><em>deferentibus</em></span> <span class='ocrx_word' id='word_1_97' title='bbox 1411 1101 1644 1168; x_wconf 84' lang='lat' dir='ltr'><em>pueris!</em></span> <span class='ocrx_word' id='word_1_98' title='bbox 1694 1116 1798 1149; x_wconf 87' lang='lat' dir='ltr'><em>cur</em></span> <span class='ocrx_word' id='word_1_99' title='bbox 1820 1099 1935 1168; x_wconf 65' lang='lat' dir='ltr'><em>igi—</em></span> 
     </span>
     <span class='ocr_line' id='line_1_16' title="bbox 403 1164 1937 1238; baseline -0.004 -18"><span class='ocrx_word' id='word_1_100' title='bbox 403 1178 501 1221; x_wconf 79' lang='lat' dir='ltr'><em>tur</em></span> <span class='ocrx_word' id='word_1_101' title='bbox 522 1170 858 1226; x_wconf 76' lang='lat' dir='ltr'><em>extraxisset</em></span> <span class='ocrx_word' id='word_1_102' title='bbox 877 1169 1125 1229; x_wconf 87' lang='lat' dir='ltr'><em>biduum,</em></span> <span class='ocrx_word' id='word_1_103' title='bbox 1182 1164 1449 1238; x_wconf 77' lang='lat' dir='ltr'><em>tanqua&#39;m</em></span> <span class='ocrx_word' id='word_1_104' title='bbox 1478 1166 1681 1216; x_wconf 86' lang='lat' dir='ltr'><em>indicio</em></span> <span class='ocrx_word' id='word_1_105' title='bbox 1702 1164 1937 1215; x_wconf 78' lang='lat' dir='ltr'><em>haberet</em></span> 
     </span>
     <span class='ocr_line' id='line_1_17' title="bbox 351 1232 1928 1311; baseline -0.004 -23"><span class='ocrx_word' id='word_1_106' title='bbox 351 1258 374 1303; x_wconf 54' lang='grc' dir='ltr'><em>χ</em></span> <span class='ocrx_word' id='word_1_107' title='bbox 397 1236 618 1311; x_wconf 78' lang='lat' dir='ltr'><em>fidem?</em></span> <span class='ocrx_word' id='word_1_108' title='bbox 643 1236 1024 1287; x_wconf 82' lang='lat' dir='ltr'><em>dimittendum</em></span> <span class='ocrx_word' id='word_1_109' title='bbox 1037 1236 1219 1303; x_wconf 85' lang='lat' dir='ltr'><em>fuisse</em></span> <span class='ocrx_word' id='word_1_110' title='bbox 1250 1236 1559 1285; x_wconf 82' lang='lat' dir='ltr'><em>Cebalinum</em></span> <span class='ocrx_word' id='word_1_111' title='bbox 1577 1268 1594 1294; x_wconf 90' lang='lat'><em>,</em></span> <span class='ocrx_word' id='word_1_112' title='bbox 1614 1233 1669 1281; x_wconf 84' lang='lat' dir='ltr'><em>si</em></span> <span class='ocrx_word' id='word_1_113' title='bbox 1686 1232 1928 1283; x_wconf 86' lang='lat' dir='ltr'><em>delatio-</em></span> 
     </span>
     <span class='ocr_line' id='line_1_18' title="bbox 405 1299 1935 1373; baseline -0.004 -18"><span class='ocrx_word' id='word_1_114' title='bbox 405 1322 530 1355; x_wconf 87' lang='lat' dir='ltr'><em>nem</em></span> <span class='ocrx_word' id='word_1_115' title='bbox 569 1304 688 1354; x_wconf 78' lang='lat' dir='ltr'><em>eius</em></span> <span class='ocrx_word' id='word_1_116' title='bbox 730 1303 1049 1354; x_wconf 84' lang='lat' dir='ltr'><em>damnabat.</em></span> <span class='ocrx_word' id='word_1_117' title='bbox 1111 1335 1117 1353; x_wconf 60' lang='grc' dir='ltr'>ι</span> <span class='ocrx_word' id='word_1_118' title='bbox 1135 1307 1207 1353; x_wconf 90' lang='lat' dir='ltr'><em>In</em></span> <span class='ocrx_word' id='word_1_119' title='bbox 1230 1321 1329 1353; x_wconf 88' lang='lat' dir='ltr'><em>suo</em></span> <span class='ocrx_word' id='word_1_120' title='bbox 1370 1320 1527 1373; x_wconf 85' lang='lat' dir='ltr'><em>quem</em></span> <span class='ocrx_word' id='word_1_121' title='bbox 1564 1318 1631 1350; x_wconf 90' lang='lat' dir='ltr'><em>ue</em></span> <span class='ocrx_word' id='word_1_122' title='bbox 1672 1299 1935 1366; x_wconf 82' lang='lat' dir='ltr'><em>periculo</em></span> 
     </span>
     <span class='ocr_line' id='line_1_19' title="bbox 406 1368 1935 1441; baseline -0.004 -19"><span class='ocrx_word' id='word_1_123' title='bbox 406 1368 670 1441; x_wconf 75' lang='lat' dir='ltr'><em>magnum</em></span> <span class='ocrx_word' id='word_1_124' title='bbox 690 1370 930 1421; x_wconf 91' lang='lat' dir='ltr'><em>animum</em></span> <span class='ocrx_word' id='word_1_125' title='bbox 949 1370 1151 1421; x_wconf 77' lang='lat' dir='ltr'><em>habere</em></span> <span class='ocrx_word' id='word_1_126' title='bbox 1164 1389 1181 1420; x_wconf 91' lang='lat'><em>:</em></span> <span class='ocrx_word' id='word_1_127' title='bbox 1240 1388 1359 1420; x_wconf 90' lang='lat' dir='ltr'><em>cum</em></span> <span class='ocrx_word' id='word_1_128' title='bbox 1380 1371 1446 1419; x_wconf 85' lang='lat' dir='ltr'><em>de</em></span> <span class='ocrx_word' id='word_1_129' title='bbox 1467 1386 1533 1417; x_wconf 86' lang='lat' dir='ltr'><em>sa</em></span> <span class='ocrx_word' id='word_1_130' title='bbox 1556 1376 1649 1416; x_wconf 84' lang='lat' dir='ltr'><em>ute</em></span> <span class='ocrx_word' id='word_1_131' title='bbox 1671 1368 1837 1436; x_wconf 78' lang='lat' dir='ltr'><em>regis</em></span> <span class='ocrx_word' id='word_1_132' title='bbox 1854 1368 1935 1419; x_wconf 78' lang='lat' dir='ltr'><em>ti-</em></span> 
     </span>
     <span class='ocr_line' id='line_1_20' title="bbox 405 1432 1935 1504; baseline -0.005 -15"><span class='ocrx_word' id='word_1_133' title='bbox 405 1447 660 1499; x_wconf 85' lang='lat' dir='ltr'><em>meretur,</em></span> <span class='ocrx_word' id='word_1_134' title='bbox 683 1437 932 1489; x_wconf 85' lang='lat' dir='ltr'><em>credulos</em></span> <span class='ocrx_word' id='word_1_135' title='bbox 953 1455 1072 1488; x_wconf 89' lang='lat' dir='ltr'><em>esse</em></span> <span class='ocrx_word' id='word_1_136' title='bbox 1094 1436 1286 1487; x_wconf 82' lang='lat' dir='ltr'><em>debere</em></span> <span class='ocrx_word' id='word_1_137' title='bbox 1296 1458 1322 1496; x_wconf 89' lang='lat'><em>;</em></span> <span class='ocrx_word' id='word_1_138' title='bbox 1360 1452 1508 1487; x_wconf 76' lang='lat' dir='ltr'><em>vana</em></span> <span class='ocrx_word' id='word_1_139' title='bbox 1531 1452 1745 1504; x_wconf 83' lang='lat' dir='ltr'><em>quoque</em></span> <span class='ocrx_word' id='word_1_140' title='bbox 1769 1432 1935 1503; x_wconf 85' lang='lat' dir='ltr'><em>defe-</em></span> 
     </span>
     <span class='ocr_line' id='line_1_21' title="bbox 403 1501 1931 1573; baseline -0.003 -19"><span class='ocrx_word' id='word_1_141' title='bbox 403 1513 590 1554; x_wconf 82' lang='lat' dir='ltr'><em>rentes</em></span> <span class='ocrx_word' id='word_1_142' title='bbox 611 1504 922 1555; x_wconf 83' lang='lat' dir='ltr'><em>admittere.</em></span> <span class='ocrx_word' id='word_1_143' title='bbox 965 1506 1162 1563; x_wconf 83' lang='lat' dir='ltr'><em>Omnes</em></span> <span class='ocrx_word' id='word_1_144' title='bbox 1185 1505 1340 1569; x_wconf 77' lang='lat' dir='ltr'><em>igitur</em></span> <span class='ocrx_word' id='word_1_145' title='bbox 1362 1504 1737 1573; x_wconf 84' lang='lat' dir='ltr'><em>quaestionem</em></span> <span class='ocrx_word' id='word_1_146' title='bbox 1757 1501 1829 1550; x_wconf 82' lang='lat' dir='ltr'><em>de</em></span> <span class='ocrx_word' id='word_1_147' title='bbox 1850 1517 1931 1563; x_wconf 87' lang='lat' dir='ltr'><em>eo,</em></span> 
     </span>
     <span class='ocr_line' id='line_1_22' title="bbox 405 1567 1934 1639; baseline -0.002 -19"><span class='ocrx_word' id='word_1_148' title='bbox 405 1579 471 1620; x_wconf 86' lang='lat' dir='ltr'><em>ut</em></span> <span class='ocrx_word' id='word_1_149' title='bbox 481 1570 793 1636; x_wconf 78' lang='lat' dir='ltr'><em>participes</em></span> <span class='ocrx_word' id='word_1_150' title='bbox 813 1570 1042 1622; x_wconf 86' lang='lat' dir='ltr'><em>sceleris</em></span> <span class='ocrx_word' id='word_1_151' title='bbox 1069 1572 1319 1621; x_wconf 83' lang='lat' dir='ltr'><em>indicare</em></span> <span class='ocrx_word' id='word_1_152' title='bbox 1341 1580 1655 1639; x_wconf 80' lang='lat' dir='ltr'><em>cogeretur,</em></span> <span class='ocrx_word' id='word_1_153' title='bbox 1712 1567 1934 1618; x_wconf 78' lang='lat' dir='ltr'><em>haben-</em></span> 
     </span>
     <span class='ocr_line' id='line_1_23' title="bbox 405 1634 1937 1699; baseline 0 -14"><span class='ocrx_word' id='word_1_154' title='bbox 405 1634 528 1685; x_wconf 81' lang='lat' dir='ltr'><em>dam</em></span> <span class='ocrx_word' id='word_1_155' title='bbox 549 1654 668 1687; x_wconf 83' lang='lat' dir='ltr'><em>esse</em></span> <span class='ocrx_word' id='word_1_156' title='bbox 689 1637 988 1687; x_wconf 84' lang='lat' dir='ltr'><em>decernunt.</em></span> <span class='ocrx_word' id='word_1_157' title='bbox 1055 1639 1177 1699; x_wconf 85' lang='lat' dir='ltr'><em>Rex,</em></span> <span class='ocrx_word' id='word_1_158' title='bbox 1199 1638 1517 1699; x_wconf 83' lang='lat' dir='ltr'><em>admonitos,</em></span> <span class='ocrx_word' id='word_1_159' title='bbox 1542 1646 1605 1686; x_wconf 86' lang='lat' dir='ltr'><em>ut</em></span> <span class='ocrx_word' id='word_1_160' title='bbox 1635 1635 1937 1685; x_wconf 77' lang='lat' dir='ltr'><em>consilium</em></span> 
     </span>
     <span class='ocr_line' id='line_1_24' title="bbox 401 1701 1933 1770; baseline 0.001 -19"><span class='ocrx_word' id='word_1_161' title='bbox 401 1701 624 1751; x_wconf 79' lang='lat' dir='ltr'><em>silentio</em></span> <span class='ocrx_word' id='word_1_162' title='bbox 637 1714 988 1768; x_wconf 75' lang='lat' dir='ltr'><em>premerent,</em></span> <span class='ocrx_word' id='word_1_163' title='bbox 1039 1704 1267 1754; x_wconf 83' lang='lat' dir='ltr'><em>dimittit.</em></span> <span class='ocrx_word' id='word_1_164' title='bbox 1332 1703 1703 1770; x_wconf 62' lang='lat' dir='ltr'><em>Pronuntiari</em></span> <span class='ocrx_word' id='word_1_165' title='bbox 1738 1702 1933 1753; x_wconf 84' lang='lat' dir='ltr'><em>deinde</em></span> 
     </span>
     <span class='ocr_line' id='line_1_25' title="bbox 401 1768 1935 1836; baseline 0.001 -19"><span class='ocrx_word' id='word_1_166' title='bbox 401 1769 508 1817; x_wconf 85' lang='lat' dir='ltr'><em>iter</em></span> <span class='ocrx_word' id='word_1_167' title='bbox 527 1768 586 1817; x_wconf 91' lang='lat' dir='ltr'><em>in</em></span> <span class='ocrx_word' id='word_1_168' title='bbox 598 1778 886 1835; x_wconf 84' lang='lat' dir='ltr'><em>posterum</em></span> <span class='ocrx_word' id='word_1_169' title='bbox 907 1770 1049 1819; x_wconf 89' lang='lat' dir='ltr'><em>diem</em></span> <span class='ocrx_word' id='word_1_170' title='bbox 1069 1772 1233 1832; x_wconf 85' lang='lat' dir='ltr'><em>iubet,</em></span> <span class='ocrx_word' id='word_1_171' title='bbox 1271 1789 1337 1821; x_wconf 88' lang='lat' dir='ltr'><em>ne</em></span> <span class='ocrx_word' id='word_1_172' title='bbox 1357 1789 1455 1836; x_wconf 85' lang='lat' dir='ltr'><em>qua</em></span> <span class='ocrx_word' id='word_1_173' title='bbox 1476 1773 1597 1821; x_wconf 76' lang='lat' dir='ltr'><em>novi</em></span> <span class='ocrx_word' id='word_1_174' title='bbox 1616 1770 1732 1823; x_wconf 82' lang='lat' dir='ltr'><em>initi</em></span> <span class='ocrx_word' id='word_1_175' title='bbox 1753 1772 1935 1819; x_wconf 88' lang='lat' dir='ltr'><em>consi-</em></span> 
     </span>
     <span class='ocr_line' id='line_1_26' title="bbox 398 1834 1932 1887; baseline 0.001 -2"><span class='ocrx_word' id='word_1_176' title='bbox 398 1836 459 1885; x_wconf 83' lang='lat' dir='ltr'><em>lii</em></span> <span class='ocrx_word' id='word_1_177' title='bbox 479 1834 682 1883; x_wconf 81' lang='lat' dir='ltr'><em>daretur</em></span> <span class='ocrx_word' id='word_1_178' title='bbox 703 1846 839 1883; x_wconf 80' lang='lat' dir='ltr'><em>nota.</em></span> <span class='ocrx_word' id='word_1_179' title='bbox 926 1836 1171 1885; x_wconf 76' lang='lat' dir='ltr'><em>Invitatus</em></span> <span class='ocrx_word' id='word_1_180' title='bbox 1192 1850 1269 1886; x_wconf 84' lang='lat' dir='ltr'><em>est</em></span> <span class='ocrx_word' id='word_1_181' title='bbox 1289 1841 1441 1887; x_wconf 78' lang='lat' dir='ltr'><em>etiam</em></span> <span class='ocrx_word' id='word_1_182' title='bbox 1460 1838 1685 1886; x_wconf 85' lang='lat' dir='ltr'><em>Philotas</em></span> <span class='ocrx_word' id='word_1_183' title='bbox 1709 1836 1776 1885; x_wconf 79' lang='lat' dir='ltr'><em>ad</em></span> <span class='ocrx_word' id='word_1_184' title='bbox 1796 1838 1932 1887; x_wconf 81' lang='lat' dir='ltr'><em>ulti-</em></span> 
     </span>
     <span class='ocr_line' id='line_1_27' title="bbox 398 1902 1934 1968; baseline 0.001 -17"><span class='ocrx_word' id='word_1_185' title='bbox 398 1920 510 1951; x_wconf 86' lang='lat' dir='ltr'><em>mas</em></span> <span class='ocrx_word' id='word_1_186' title='bbox 533 1904 627 1968; x_wconf 84' lang='lat' dir='ltr'><em>ipsi</em></span> <span class='ocrx_word' id='word_1_187' title='bbox 650 1904 838 1967; x_wconf 80' lang='lat' dir='ltr'><em>epulas,</em></span> <span class='ocrx_word' id='word_1_188' title='bbox 862 1914 912 1951; x_wconf 90' lang='lat' dir='ltr'><em>et</em></span> <span class='ocrx_word' id='word_1_189' title='bbox 929 1919 1038 1951; x_wconf 86' lang='lat' dir='ltr'><em>non</em></span> <span class='ocrx_word' id='word_1_190' title='bbox 1060 1920 1269 1953; x_wconf 84' lang='lat' dir='ltr'><em>coenare</em></span> <span class='ocrx_word' id='word_1_191' title='bbox 1289 1903 1467 1965; x_wconf 89' lang='lat' dir='ltr'><em>modo,</em></span> <span class='ocrx_word' id='word_1_192' title='bbox 1489 1902 1751 1952; x_wconf 73' lang='lat' dir='ltr'><em>sedetiam</em></span> <span class='ocrx_word' id='word_1_193' title='bbox 1769 1905 1934 1953; x_wconf 80' lang='lat' dir='ltr'><em>fami-—</em></span> 
     </span>
     <span class='ocr_line' id='line_1_28' title="bbox 398 1970 1935 2033; baseline 0.002 -16"><span class='ocrx_word' id='word_1_194' title='bbox 398 1970 593 2019; x_wconf 77' lang='lat' dir='ltr'><em>liariter</em></span> <span class='ocrx_word' id='word_1_195' title='bbox 613 1970 842 2033; x_wconf 85' lang='lat' dir='ltr'><em>colloqui</em></span> <span class='ocrx_word' id='word_1_196' title='bbox 863 1986 984 2017; x_wconf 89' lang='lat' dir='ltr'><em>cum</em></span> <span class='ocrx_word' id='word_1_197' title='bbox 1005 1986 1090 2031; x_wconf 87' lang='lat' dir='ltr'><em>eo,</em></span> <span class='ocrx_word' id='word_1_198' title='bbox 1124 1988 1280 2033; x_wconf 89' lang='lat' dir='ltr'><em>quem</em></span> <span class='ocrx_word' id='word_1_199' title='bbox 1299 1970 1641 2033; x_wconf 78' lang='lat' dir='ltr'><em>damnaverat,</em></span> <span class='ocrx_word' id='word_1_200' title='bbox 1662 1971 1935 2020; x_wconf 74' lang='lat' dir='ltr'><em>sustinuit.</em></span> 
     </span>
     <span class='ocr_line' id='line_1_29' title="bbox 400 2034 1937 2103; baseline 0.002 -20"><span class='ocrx_word' id='word_1_201' title='bbox 400 2034 638 2085; x_wconf 85' lang='lat' dir='ltr'><em>Secunda</em></span> <span class='ocrx_word' id='word_1_202' title='bbox 651 2036 834 2086; x_wconf 89' lang='lat' dir='ltr'><em>deinde</em></span> <span class='ocrx_word' id='word_1_203' title='bbox 844 2036 1029 2099; x_wconf 59' lang='lat' dir='ltr'><em>vigilie,</em></span> <span class='ocrx_word' id='word_1_204' title='bbox 1050 2037 1334 2088; x_wconf 77' lang='lat' dir='ltr'><em>luminibus</em></span> <span class='ocrx_word' id='word_1_205' title='bbox 1356 2038 1627 2099; x_wconf 75' lang='lat' dir='ltr'><em>exstinctis,</em></span> <span class='ocrx_word' id='word_1_206' title='bbox 1648 2050 1771 2085; x_wconf 84' lang='lat' dir='ltr'><em>cum</em></span> <span class='ocrx_word' id='word_1_207' title='bbox 1792 2054 1937 2103; x_wconf 79' lang='lat' dir='ltr'><em>pau-</em></span> 
     </span>
     <span class='ocr_line' id='line_1_30' title="bbox 399 2102 1937 2169; baseline 0.003 -20"><span class='ocrx_word' id='word_1_208' title='bbox 399 2102 471 2149; x_wconf 82' lang='lat' dir='ltr'><em>cis</em></span> <span class='ocrx_word' id='word_1_209' title='bbox 491 2104 544 2150; x_wconf 87' lang='lat' dir='ltr'><em>in</em></span> <span class='ocrx_word' id='word_1_210' title='bbox 564 2104 758 2167; x_wconf 84' lang='lat' dir='ltr'><em>regiam</em></span> <span class='ocrx_word' id='word_1_211' title='bbox 780 2108 962 2152; x_wconf 62' lang='lat' dir='ltr'><em>coeunt</em></span> <span class='ocrx_word' id='word_1_212' title='bbox 981 2102 1349 2169; x_wconf 84' lang='lat' dir='ltr'><em>Hephaestion,</em></span> <span class='ocrx_word' id='word_1_213' title='bbox 1372 2116 1421 2153; x_wconf 89' lang='lat' dir='ltr'><em>et</em></span> <span class='ocrx_word' id='word_1_214' title='bbox 1440 2103 1694 2163; x_wconf 85' lang='lat' dir='ltr'><em>Craterus,</em></span> <span class='ocrx_word' id='word_1_215' title='bbox 1716 2116 1769 2153; x_wconf 86' lang='lat' dir='ltr'><em>et</em></span> <span class='ocrx_word' id='word_1_216' title='bbox 1788 2104 1937 2153; x_wconf 87' lang='lat' dir='ltr'><em>Coe-</em></span> 
     </span>
     <span class='ocr_line' id='line_1_31' title="bbox 397 2170 1932 2235; baseline 0.002 -20"><span class='ocrx_word' id='word_1_217' title='bbox 397 2184 521 2227; x_wconf 71' lang='lat' dir='ltr'><em>nuS,</em></span> <span class='ocrx_word' id='word_1_218' title='bbox 570 2179 622 2217; x_wconf 85' lang='lat' dir='ltr'><em>ct</em></span> <span class='ocrx_word' id='word_1_219' title='bbox 649 2170 908 2235; x_wconf 75' lang='lat' dir='ltr'><em>Erigyius:</em></span> <span class='ocrx_word' id='word_1_220' title='bbox 961 2170 1014 2218; x_wconf 89' lang='lat' dir='ltr'><em>hi</em></span> <span class='ocrx_word' id='word_1_221' title='bbox 1035 2184 1099 2219; x_wconf 80' lang='lat' dir='ltr'><em>ex</em></span> <span class='ocrx_word' id='word_1_222' title='bbox 1118 2172 1321 2232; x_wconf 83' lang='lat' dir='ltr'><em>amicis3</em></span> <span class='ocrx_word' id='word_1_223' title='bbox 1376 2188 1438 2219; x_wconf 81' lang='lat' dir='ltr'><em>ex</em></span> <span class='ocrx_word' id='word_1_224' title='bbox 1457 2171 1726 2233; x_wconf 78' lang='lat' dir='ltr'><em>armigeris</em></span> <span class='ocrx_word' id='word_1_225' title='bbox 1748 2183 1932 2220; x_wconf 80' lang='lat' dir='ltr'><em>autem</em></span> 
     </span>
     <span class='ocr_line' id='line_1_32' title="bbox 397 2231 1933 2305; baseline 0.002 -22"><span class='ocrx_word' id='word_1_226' title='bbox 397 2231 665 2283; x_wconf 79' lang='lat' dir='ltr'><em>Perdiccas</em></span> <span class='ocrx_word' id='word_1_227' title='bbox 688 2248 738 2285; x_wconf 83' lang='lat' dir='ltr'><em>et</em></span> <span class='ocrx_word' id='word_1_228' title='bbox 755 2238 1067 2298; x_wconf 80' lang='lat' dir='ltr'><em>Leonnatus.</em></span> <span class='ocrx_word' id='word_1_229' title='bbox 1134 2236 1231 2286; x_wconf 84' lang='lat' dir='ltr'><em>Per</em></span> <span class='ocrx_word' id='word_1_230' title='bbox 1248 2236 1341 2287; x_wconf 86' lang='lat' dir='ltr'><em>hos</em></span> <span class='ocrx_word' id='word_1_231' title='bbox 1361 2238 1672 2303; x_wconf 81' lang='lat' dir='ltr'><em>imperatum</em></span> <span class='ocrx_word' id='word_1_232' title='bbox 1683 2248 1713 2300; x_wconf 85' lang='lat'><em>,‘</em></span> <span class='ocrx_word' id='word_1_233' title='bbox 1741 2246 1812 2286; x_wconf 84' lang='lat' dir='ltr'><em>ut</em></span> <span class='ocrx_word' id='word_1_234' title='bbox 1830 2234 1933 2305; x_wconf 59' lang='lat' dir='ltr'><em>qui</em></span> 
     </span>
     <span class='ocr_line' id='line_1_33' title="bbox 392 2298 1934 2371; baseline 0.005 -24"><span class='ocrx_word' id='word_1_235' title='bbox 392 2298 496 2363; x_wconf 74' lang='lat' dir='ltr'><em>vad·</em></span> <span class='ocrx_word' id='word_1_236' title='bbox 510 2302 854 2365; x_wconf 84' lang='lat' dir='ltr'><em>praetorium</em></span> <span class='ocrx_word' id='word_1_237' title='bbox 901 2301 1272 2365; x_wconf 80' lang='lat' dir='ltr'><em>excubabant,</em></span> <span class='ocrx_word' id='word_1_238' title='bbox 1341 2304 1549 2355; x_wconf 88' lang='lat' dir='ltr'><em>armati</em></span> <span class='ocrx_word' id='word_1_239' title='bbox 1590 2300 1934 2371; x_wconf 80' lang='lat' dir='ltr'><em>vigilarent.</em></span> 
     </span>
     <span class='ocr_line' id='line_1_34' title="bbox 395 2362 1937 2441; baseline 0.004 -26"><span class='ocrx_word' id='word_1_240' title='bbox 395 2362 512 2416; x_wconf 76' lang='lat' dir='ltr'><em>Iam</em></span> <span class='ocrx_word' id='word_1_241' title='bbox 533 2366 598 2416; x_wconf 87' lang='lat' dir='ltr'><em>ad</em></span> <span class='ocrx_word' id='word_1_242' title='bbox 619 2386 798 2417; x_wconf 85' lang='lat' dir='ltr'><em>omnes</em></span> <span class='ocrx_word' id='word_1_243' title='bbox 818 2368 980 2416; x_wconf 74' lang='lat' dir='ltr'><em>aditus</em></span> <span class='ocrx_word' id='word_1_244' title='bbox 1010 2368 1240 2435; x_wconf 82' lang='lat' dir='ltr'><em>dispositi</em></span> <span class='ocrx_word' id='word_1_245' title='bbox 1272 2373 1487 2432; x_wconf 70' lang='lat' dir='ltr'><em>milites,</em></span> <span class='ocrx_word' id='word_1_246' title='bbox 1546 2372 1769 2438; x_wconf 82' lang='lat' dir='ltr'><em>equites</em></span> <span class='ocrx_word' id='word_1_247' title='bbox 1788 2387 1937 2441; x_wconf 83' lang='lat' dir='ltr'><em>quo·-</em></span> 
     </span>
     <span class='ocr_line' id='line_1_35' title="bbox 399 2432 1935 2502; baseline 0.005 -21"><span class='ocrx_word' id='word_1_248' title='bbox 399 2446 508 2499; x_wconf 78' lang='lat' dir='ltr'><em>que</em></span> <span class='ocrx_word' id='word_1_249' title='bbox 529 2432 735 2483; x_wconf 86' lang='lat' dir='ltr'><em>itinera</em></span> <span class='ocrx_word' id='word_1_250' title='bbox 755 2432 999 2483; x_wconf 82' lang='lat' dir='ltr'><em>obsidere</em></span> <span class='ocrx_word' id='word_1_251' title='bbox 1021 2436 1169 2496; x_wconf 84' lang='lat' dir='ltr'><em>iussi,</em></span> <span class='ocrx_word' id='word_1_252' title='bbox 1200 2454 1264 2486; x_wconf 88' lang='lat' dir='ltr'><em>ne</em></span> <span class='ocrx_word' id='word_1_253' title='bbox 1286 2438 1398 2502; x_wconf 87' lang='lat' dir='ltr'><em>quis</em></span> <span class='ocrx_word' id='word_1_254' title='bbox 1418 2437 1483 2485; x_wconf 77' lang='lat' dir='ltr'><em>ad</em></span> <span class='ocrx_word' id='word_1_255' title='bbox 1502 2434 1935 2501; x_wconf 75' lang='lat' dir='ltr'><em>Parmenionem,</em></span> 
     </span>
     <span class='ocr_line' id='line_1_36' title="bbox 401 2498 1935 2570; baseline 0.008 -28"><span class='ocrx_word' id='word_1_256' title='bbox 401 2498 489 2557; x_wconf 87' lang='lat' dir='ltr'><em>qui</em></span> <span class='ocrx_word' id='word_1_257' title='bbox 508 2510 622 2547; x_wconf 88' lang='lat' dir='ltr'><em>tum</em></span> <span class='ocrx_word' id='word_1_258' title='bbox 639 2499 841 2567; x_wconf 80' lang='lat' dir='ltr'><em>Mediae</em></span> <span class='ocrx_word' id='word_1_259' title='bbox 866 2501 1161 2569; x_wconf 81' lang='lat' dir='ltr'><em>magnisque</em></span> <span class='ocrx_word' id='word_1_260' title='bbox 1184 2506 1339 2570; x_wconf 80' lang='lat' dir='ltr'><em>copiis</em></span> <span class='ocrx_word' id='word_1_261' title='bbox 1370 2514 1623 2569; x_wconf 78' lang='lat' dir='ltr'><em>praeerat,</em></span> <span class='ocrx_word' id='word_1_262' title='bbox 1684 2506 1935 2555; x_wconf 76' lang='lat' dir='ltr'><em>occultus</em></span> 
     </span>
     <span class='ocr_line' id='line_1_37' title="bbox 403 2562 1937 2629; baseline 0.01 -23"><span class='ocrx_word' id='word_1_263' title='bbox 403 2562 672 2615; x_wconf 57' lang='lat' dir='ltr'><em>evadereta</em></span> <span class='ocrx_word' id='word_1_264' title='bbox 751 2562 980 2615; x_wconf 81' lang='lat' dir='ltr'><em>Attarras</em></span> <span class='ocrx_word' id='word_1_265' title='bbox 1012 2579 1185 2618; x_wconf 77' lang='lat' dir='ltr'><em>autem</em></span> <span class='ocrx_word' id='word_1_266' title='bbox 1210 2586 1331 2621; x_wconf 86' lang='lat' dir='ltr'><em>cum</em></span> <span class='ocrx_word' id='word_1_267' title='bbox 1348 2570 1585 2629; x_wconf 72' lang='lat' dir='ltr'><em>trecentis</em></span> <span class='ocrx_word' id='word_1_268' title='bbox 1606 2571 1823 2623; x_wconf 71' lang='lat' dir='ltr'><em>armatis</em></span> <span class='ocrx_word' id='word_1_269' title='bbox 1844 2572 1937 2621; x_wconf 80' lang='lat' dir='ltr'><em>in·</em></span> 
     </span>
    </p>
   </div>
  </div>
 </body>
</html>
