2084 3009
556 198 598 247 L
633 197 659 247 1
692 198 731 248 Β
766 200 812 251 E
848 200 891 250 R
958 198 1130 253 vm.
1485 178 1594 262 ‘237

98 298 331 348 incutiens
351 300 592 349 torrentis
612 298 775 349 modo
807 297 1102 350 effunditur.
1171 298 1248 349 Ac
1277 304 1446 368 primo
1481 305 1598 369 qui.-

96 364 209 413 dem
227 368 379 415 armis
401 368 505 416 suis
527 368 647 415 tecti
670 378 999 433 exceperant,
1033 366 1126 417 sed
1145 369 1251 417 iam
1269 386 1365 418 nec
1382 372 1600 421 retinere

90 450 226 482 arma
254 434 479 483 lubricae
519 448 569 483 et
596 434 814 497 rigentes
846 450 1030 484 manus
1069 446 1332 500 poterant3
1373 454 1468 487 nec
1507 439 1600 504 ipsi

88 497 357 561 destinare,
394 502 467 550 oin
506 517 663 565 quam
698 502 968 564 regionem
989 500 1334 552 ‘obverterent
1371 498 1601 570 corpora,

87 584 204 617 cum
220 568 450 632 undique
470 569 787 633 tempestatis
806 568 1049 617 violentia
1069 570 1260 629 maior,
1293 587 1450 635 quam
1469 572 1596 620 vita.-

83 634 259 700 batur,
282 632 589 686 occurreret.
656 635 799 699 Ergo
821 634 1095 686 ordinibus
1113 637 1298 685 solutis
1318 654 1414 703 >per
1432 650 1600 693 totum
1630 688 1633 697 Ι

81 704 271 751 saltum
290 700 643 768 errabundum
659 718 849 767 vagmen
883 703 1169 766 ferebatur3
1201 706 1459 771 multique
1489 708 1585 771 pri.-

82 787 143 820 us
164 782 331 832 metu,
352 786 510 835 quam
527 771 733 833 labore,
755 769 1030 835 defatigati,
1051 782 1430 837 prostraverant
1447 772 1598 823 humi

81 854 308 903 corpora,
332 854 647 903 quamquam
666 838 892 904 imbrem
910 840 983 891 vis
1005 840 1212 903 frigoris
1225 852 1460 893 concreto
1474 842 1598 905 gelu

80 904 437 955 adstrinxerat.
502 904 613 955 Alii
632 923 685 955 se
704 907 962 973 stipitibus
986 908 1234 959 arborum
1253 906 1601 958 admoverant.

80 972 144 1021 Id
164 972 401 1038 plurimis
431 985 481 1022 et
510 972 886 1025 adminiculum
918 985 969 1025 et
987 975 1284 1039 suffugium
1303 987 1426 1025 erat.
1495 976 1604 1023 Nec

71 1039 289 1096 ,fallebat
315 1040 454 1105 ipsos
482 1042 641 1091 morti
673 1043 854 1093 locum
888 1042 1105 1108 eligere,
1145 1058 1267 1092 cum
1305 1043 1602 1091 immobiles

74 1106 249 1157 vitalis
274 1109 414 1175 calor
442 1108 720 1175 linqueret:
778 1110 871 1159 sed
900 1106 1045 1177 grata
1066 1121 1172 1159 erat
1188 1111 1392 1176 pigritia
1413 1126 1603 1175 corpo-

73 1190 198 1224 rum
236 1174 481 1239 fatigatis3
519 1194 615 1225 nec
644 1178 953 1239 recusabant
983 1177 1239 1245 exstingui
1270 1176 1602 1243 quiescendo.

74 1242 287 1306 Quippe
306 1258 414 1291 non
432 1242 707 1292 vehemens
729 1244 892 1294 modo
906 1280 921 1306 ,
980 1244 1076 1297 sed
1099 1242 1257 1296 etiam
1274 1248 1508 1310 pertinax
1525 1245 1600 1294 vis

74 1308 207 1358 mali
225 1308 515 1370 insistebat;
551 1310 843 1373 lucemque,
862 1312 1095 1369 naturale
1113 1311 1358 1361 solatium
1370 1348 1383 1373 ,
1403 1322 1604 1378 praeter

74 1386 438 1441 tempestatem
456 1374 600 1423 haud
618 1374 879 1441 disparem
898 1378 1037 1426 nocti
1049 1412 1064 1442 ‚
1123 1378 1371 1427 silvarum
1399 1393 1606 1441 quoquc

74 1443 264 1493 umbra
284 1452 649 1509 suppresserat.
702 1444 817 1492 Rex
837 1459 973 1491 unus
994 1443 1122 1491 tanti
1139 1443 1266 1491 mali
1286 1444 1482 1509 patiens
1505 1444 1608 1491 cii»

70 1512 275 1561 cumire
294 1512 503 1573 milites,
526 1508 827 1561 contrahere
846 1508 1123 1577 dispersos,
1143 1510 1360 1559 allevare
1381 1521 1608 1575 prostra-

69 1592 185 1639 tos,
226 1576 493 1628 ostendere
521 1578 707 1643 procul
739 1578 1011 1628 evolutum
1040 1594 1104 1627 ex
1131 1578 1348 1640 tuguriis
1383 1578 1606 1638 fumum,

70 1646 374 1710 hortarique
388 1645 707 1711 utproxima
755 1661 971 1715 uaeque
984 1642 1238 1713 stqffhgia
1251 1653 1608 1712 occuparent.

70 1714 191 1765 Nec
218 1713 324 1762 ulla
358 1730 445 1763 res
470 1714 633 1775 magis
664 1662 817 1763 safuti
842 1714 968 1775 fait,
1007 1730 1167 1779 quam
1185 1710 1328 1778 quod
1346 1712 1605 1781 multipli-

67 1793 193 1833 cato
224 1780 400 1829 labore
430 1780 769 1829 sufficientem
794 1781 973 1845 malis,
1015 1780 1202 1845 quibus
1221 1781 1320 1846 ipsi
1339 1792 1604 1837 cesserant,

67 1864 259 1913 regem
283 1847 517 1897 deserere
551 1848 937 1897 erubescebant.
1004 1847 1250 1898 Ceterum
1280 1848 1531 1899 efficacior
1553 1849 1602 1895 in

66 1918 307 1980 adversis
327 1916 613 1977 necessitas,
636 1931 795 1980 quam
812 1916 957 1979 ratio,
984 1915 1186 1981 frigoris
1204 1914 1495 1965 remedium
1521 1916 1605 1962 in·-

64 1985 237 2035 venit.
302 1983 547 2033 Dolabris
570 1984 711 2032 enim
731 1982 885 2037 silvas
908 1995 1135 2037 sternere
1157 1984 1396 2047 aggressi,
1411 1982 1604 2049 passim

62 2066 290 2103 acervos
311 2060 576 2113 struesque
606 2046 970 2102 accenderunt.
1037 2049 1338 2101 Continenti
1367 2046 1606 2097 incendio

61 2116 259 2171 ardere
281 2114 513 2167 crederes
534 2113 727 2168 saltum
748 2127 801 2165 ct
818 2118 905 2167 vix
920 2118 1053 2165 inter
1071 2118 1304 2165 flammas
1317 2115 1604 2179 agminibus

60 2186 321 2238 relictum
337 2184 532 2233 locum.
629 2184 729 2234 Hic
743 2241 747 2247 ⁸
761 2184 899 2234 calor
928 2184 1184 2249 stupentia
1201 2183 1436 2232 membra
1458 2198 1606 2231 com-

28 2259 30 2262 ’
62 2254 258 2314 movit,
278 2250 650 2317 paullatimque
671 2252 903 2317 spiritus,
934 2250 1429 2317 quem-continuerat
1447 2251 1604 2313 rigor,

64 2336 252 2373 meare
270 2320 433 2369 libere
452 2320 641 2383 coepit.
672 2320 936 2384 Excepere
960 2318 1088 2366 alios
1099 2328 1233 2366 tecta
1250 2317 1604 2376 barbarorum,

64 2403 212 2453 quan
241 2387 296 2438 in
316 2386 505 2437 ultimo
535 2388 671 2435 saltu
694 2384 869 2435 'abdita
900 2385 1168 2434 necessitas
1199 2384 1616 2447 investigaveratz·

64 2454 213 2505 alios
235 2466 395 2503 castra
408 2489 423 2516 ,
481 2470 613 2519 quae
634 2455 687 2501 in
705 2450 925 2502 humido
946 2451 1186 2517 quidem,
1237 2448 1329 2499 sed
1349 2452 1454 2497 iam
1475 2450 1606 2497 coeli

70 2520 382 2571 mitescente
402 2521 638 2581 saevitia,
658 2521 974 2569 locaverunt.
1042 2518 1190 2567 Mine
1209 2517 1438 2566 militum
1458 2528 1606 2579 atque

64 2592 312 2640 lixarum
332 2588 677 2652 calonumque
701 2587 859 2652 pestis
880 2586 966 2633 illa
990 2586 1292 2643 consumsitq
1323 2584 1604 2631 Memoriae

68 2652 359 2724 proditum.
380 2666 457 2707 est
476 2654 725 2719 quosdam
748 2654 1027 2719 applicatos
1050 2654 1298 2703 arborum
1325 2650 1534 2711 truncis,
1557 2662 1607 2698 ct
