2084 3009
668 315 713 365 L
737 314 772 365 *Ι
807 316 845 365 Β
886 316 925 365 Ε
957 315 999 363 R
1067 312 1204 365 VII.
1583 317 1687 371 195

280 414 431 466 CAP.
468 415 563 465 111.
631 415 723 463 His
746 418 813 463 ita
834 414 1142 479 compositis,
1161 410 1451 463 Alexander
1470 412 1689 463 Ariano-

186 501 299 533 mm
320 484 528 549 Satrape
560 484 858 542 constituto,
910 482 1017 529 iter
1033 479 1389 559 pronuntjari
1420 480 1582 542 iubet,
1636 482 1692 529 in

178 550 645 619 Agriaspas‚quos
668 550 769 597 iam
790 560 913 596 tuno
932 558 1128 596 mutato
1157 547 1366 595 nomine
1384 546 1692 617 Euergetas

178 618 532 683 appellabant3
554 634 616 665 ex
636 632 737 680 quo
758 616 943 679 frigore
962 614 1226 678 victusque
1242 614 1449 679 penuria
1463 610 1581 680 Cyri
1603 630 1693 663 ex·-

176 698 397 733 erenum
438 686 701 744 affectum,
758 682 901 730 tectis
942 691 994 729 et
1040 680 1409 731 commeatibus
1449 682 1692 729 iuverant.

180 751 402 815 Quintus
439 750 545 799 dies
578 761 706 811 erat,
744 758 803 797 ut
840 749 893 796 in
936 764 1052 796 eam
1085 748 1350 811 regionem
1383 758 1693 812 pervenerat.

178 816 467 881 Cognoscit,
489 814 1041 890 δ’ὰΙίΖιανιαηενω-ραί
1063 814 1142 863 ad
1156 816 1384 863 Bes-sum
1405 812 1691 879 defecerat,

177 900 296 934 cum
317 884 559 951 equitum
579 900 743 933 manu
762 884 1029 949 irrupt-sse
1048 897 1244 931 rursus
1264 881 1321 931 in
1340 880 1521 930 Arios·
1587 880 1694 929 Ita-
1764 934 1783 950 l

174 963 276 1015 que
296 950 565 1013 Caranum,
590 963 637 999 et
654 951 923 1018 Erigyium
943 964 1064 997 cum
1081 946 1338 1001 Artabazo
1360 960 1411 997 et
1431 946 1695 997 Androni-

178 1034 238 1064 co
262 1028 309 1065 et
328 1034 414 1066 sex
434 1018 660 1081 millibus
682 1018 1000 1067 Graecorum
1017 1014 1278 1081 peditum,
1306 1030 1376 1063 nc
1399 1015 1591 1079 equites
1611 1030 1695 1061 se-

180 1084 481 1147 quebantur.
548 1084 663 1153 Ipse
682 1076 762 1133 Lx*
774 1083 954 1133 diebus
974 1094 1182 1147 gentem
1210 1083 1583 1145 Euergetarum
1605 1096 1694 1127 or-

180 1150 399 1213 dinavit,
436 1168 619 1214 magna
640 1138 852 1217 pecunia
874 1150 941 1215 ob
964 1150 1218 1214 egregiam
1237 1150 1290 1197 in
1317 1146 1510 1215 Cyrum
1537 1146 1692 1195 fidem

178 1214 387 1265 donata.
453 1218 647 1267 Relicto
668 1217 851 1267 deinde
864 1254 877 1275 ‚
912 1218 999 1280 qui
1016 1218 1078 1264 iis
1099 1226 1380 1283 praeesset,
1420 1212 1690 1269 Affnexxitle,

182 1278 375 1342 (scriba
392 1282 435 1328 is
456 1280 601 1329 Darii
618 1282 813 1346 fuerat)
849 1280 1156 1331 Arachosios
1172 1318 1187 1343 ‚
1225 1298 1452 1345 quorum
1467 1282 1606 1344 regio
1627 1280 1688 1327 ad

184 1345 454 1393 Ponticum
474 1362 612 1395 mare
630 1348 870 1411 pertinet,
910 1348 1124 1409 subegit.
1189 1346 1270 1393 lbi
1291 1349 1584 1404 exercitum,
1606 1347 1690 1411 qui

184 1412 281 1461 sub
302 1410 638 1461 Parmenione
658 1413 845 1470 fuerat,
868 1413 1147 1475 occupavit.
1215 1411 1316 1462 Sex
1334 1410 1497 1457 millia
1517 1411 1688 1459 Mace-

181 1478 385 1527 donum
407 1477 565 1539 erant,
588 1490 637 1527 et
656 1493 719 1525 cc
738 1478 959 1535 nobiles,
972 1487 1021 1524 et
1040 1478 1264 1537 quinque
1284 1475 1448 1522 millia
1463 1474 1688 1525 Graeco-

176 1562 299 1594 rum
318 1562 439 1594 cum
460 1546 713 1609 equitibus
735 1541 989 1602 ducentis;
1049 1539 1187 1588 haud
1218 1540 1372 1590 dubie
1392 1542 1550 1591 robur
1572 1561 1672 1592 om·

174 1613 325 1660 nium
342 1613 529 1659 virium
546 1613 697 1675 regis.
761 1606 1052 1668 Arachosiis
1073 1606 1220 1655 datus
1241 1606 1436 1657 Menon
1467 1623 1686 1674 praetor,

176 1692 235 1727 tv
265 1678 495 1728 millibus
524 1678 780 1742 peditum,
839 1685 889 1723 et
908 1688 981 1721 no
1010 1675 1266 1740 equitibus
1295 1675 1348 1723 in
1377 1676 1682 1741 praesidium

175 1745 383 1793 relictis.
449 1744 563 1808 Ipse
584 1758 673 1791 rex
691 1743 977 1799 nationem,
1000 1758 1066 1789 ne
1085 1740 1312 1791 finitimis
1333 1743 1542 1807 quidem
1565 1746 1684 1794 satis

168 1822 349 1858 notam
362 1845 375 1869 ,
417 1811 603 1875 quippe
639 1810 784 1857 nullo
824 1808 1132 1857 commercio
1167 1809 1424 1861 volentem
1456 1824 1666 1861 mutuos

168 1892 293 1925 usus
308 1912 321 1935 ‚
343 1892 462 1925 cum
482 1876 703 1925 exercitu
720 1873 941 1924 intravit.
1003 1876 1482 1941 ‚Parapamisadae
1501 1880 1681 1943 appel·-

165 1942 339 1991 [autur
352 1979 365 2004 ,
387 1954 575 2006 agreste
596 1941 866 1991 hominum
885 1958 1064 2007 genua,
1084 1955 1134 1992 et
1153 1945 1284 1991 inter
1301 1945 1544 1994 barbaros
1565 1962 1681 1991 ma-

166 2008 308 2055 xime
330 2008 664 2057 inconditum.
696 2008 959 2059 Locorum
977 2011 1233 2073 asperitas,
1253 2008 1524 2059 hominum
1544 2028 1680 2076 quo-

172 2084 273 2135 que
294 2072 491 2136 ingenia
520 2074 801 2125 duraverat.
869 2075 1260 2125 Gelidissimum
1293 2078 1677 2143 septemtrionis

168 2155 322 2187 axem
342 2156 404 2188 ex
421 2156 603 2203 magua
622 2154 761 2207 parte
782 2151 1033 2208 spectant:
1054 2144 1328 2193 Bactrianis
1349 2144 1414 2192 ad
1427 2143 1676 2194 Occiden·

164 2219 277 2255 tem
298 2208 552 2255 coniuncti
572 2220 709 2257 sunt:
739 2209 1018 2260 meridiana
1037 2211 1178 2273 regio
1200 2208 1265 2258 ad
1282 2224 1423 2261 mare
1440 2210 1678 2260 Indicum

162 2273 348 2341 vergit.
418 2274 640 2339 Tuguria
660 2277 816 2325 latere
835 2278 1005 2341 primo
1025 2288 1254 2338 struunt,
1291 2290 1342 2327 et
1361 2279 1478 2343 quia
1497 2278 1678 2329 sterilis

166 2350 246 2388 est
264 2350 398 2387 terra
419 2342 657 2391 materiae
670 2378 684 2401 ‚
707 2342 759 2391 in
778 2344 923 2393 nudo
942 2344 1095 2392 etiam
1114 2346 1304 2394 montis
1325 2344 1496 2408 dorso,
1515 2360 1674 2409 usque

168 2404 234 2453 ad
254 2422 521 2455 summum
552 2408 901 2459 aedificiorum
928 2412 1188 2475 fastigium
1219 2410 1404 2461 eodem
1431 2411 1675 2471 laterculo
1728 2464 1732 2469 ¹

168 2482 399 2521 utuntur.
466 2472 705 2524 Ceterum
725 2487 975 2526 structura
993 2478 1141 2527 latior
1159 2480 1222 2527 ab
1242 2481 1374 2540 ime,
1409 2474 1675 2543 paullatim

171 2537 489 2589 incremento
511 2543 677 2605 operis
696 2544 750 2593 in
770 2546 957 2593 arctius
976 2542 1218 2611 cogitur:-
1253 2545 1320 2595 ad
1349 2544 1592 2593 ultimum
1621 2544 1676 2591 in
1748 2556 1751 2561 ·

172 2605 367 2654 carinae
400 2608 625 2656 maxime
652 2608 873 2659 modum
911 2611 1029 2657 coit.
1095 2612 1175 2659 Ibi
1208 2612 1460 2661 ibt-amine
1499 2611 1676 2659 relicto

166 2685 386 2735 superne
404 2674 584 2722 lumen
605 2676 856 2740 accipiunt
874 2675 940 2725 ad
955 2676 1205 2726 medium.
1288 2678 1432 2726 Vites
1455 2688 1503 2724 et
1523 2676 1678 2724 arbo-

166 2751 244 2817 ‚⁷⁶⁸
258 2770 273 2795 ,
340 2739 383 2785 si
416 2756 543 2804 quae
572 2741 625 2787 in
644 2752 786 2791 tanto
798 2753 968 2791 ‚terrae
994 2742 1371 2857 rigoreNdurare
1389 2751 1678 2807 potuerunt,

1237 2823 1269 2856 2
