2084 3009
456 222 528 283 48
1062 224 1130 289 Q.
1198 220 1527 274 cvnrn

457 344 488 375 a
506 341 560 375 se
579 319 675 373 visi
695 323 1007 386 conterritus,
1044 325 1295 377 cervicem
1314 326 1421 375 eius
1444 324 1682 389 manibus
1704 326 1985 391 amplecti-

455 404 565 441 tur:
601 402 778 439 motus
813 408 932 455 ergo
953 408 1045 441 rex
1067 393 1347 441 constantia
1365 392 1527 455 pueri,
1547 386 1983 456 Hephaestionem

454 459 674 519 intuens,
697 474 860 525 quam
877 456 1087 520 vellem,
1108 459 1289 523 inquit,
1310 457 1523 510 Darius
1544 456 1767 527 alequid
1782 473 1856 509 ex
1877 458 1984 508 hae

454 522 637 579 indole
656 524 957 575 hausisset!
1011 527 1155 574 Tum
1171 526 1500 573 tabernaculo
1524 540 1773 587 egressus,
1816 527 1983 575 tribus

452 592 555 641 aris
577 593 632 641 in
649 594 758 658 ripa
777 590 947 640 Pinari
965 594 1149 651 amnis,
1168 590 1277 640 Iovi
1299 602 1447 655 atque
1464 589 1674 639 Herculi
1685 592 1981 641 Minervae-

452 675 554 723 que
573 659 794 719 sacratis,
817 658 1022 723 Syriam
1037 660 1191 725 petit3
1226 657 1554 721 Damascum,
1588 657 1679 707 ubi
1700 658 1832 723 regis
1854 674 1979 724 gaza

451 736 584 787 erat,
619 724 954 773 Parmenione
983 726 1287 791 praemisso.

586 788 739 840 CAP.
771 790 915 839 XIII.
981 790 1153 856 Atque
1174 792 1231 853 is,
1254 806 1375 843 cum
1392 792 1721 856 praecessisse
1731 790 1879 840 Darii
1890 797 1977 841 sa-

450 869 654 923 trapam
679 858 1028 923 comperisset,
1048 859 1236 909 veritus
1257 875 1322 907 ne
1340 858 1566 923 paucitas
1588 874 1806 907 suorum
1827 876 1977 923 sper-

451 936 675 986 uer-etur,
699 942 949 973 arcessere
968 926 1219 974 maiorem
1236 942 1453 974 manum
1472 926 1662 973 statuit.
1712 924 1821 973 Sed
1844 926 1975 976 forte

448 992 506 1039 in
525 993 876 1057 exploratores
896 992 960 1041 ab
982 1008 1043 1041 co
1070 993 1379 1057 praemissos
1401 990 1579 1040 incidit
1596 990 1805 1039 natione
1826 992 1975 1041 Mar-

449 1056 574 1119 dus,
613 1059 700 1121 qui
720 1056 786 1105 ad
811 1056 1208 1108 Parmenionem
1226 1058 1515 1125 perductus,
1554 1060 1728 1107 literas
1755 1057 1823 1107 ad
1842 1054 1976 1108 Ale-

446 1123 706 1174 xandrum
725 1142 754 1171 a
773 1124 1025 1188 praefecto
1035 1124 1273 1178 Damasci
1292 1127 1471 1174 missas
1492 1124 1645 1174 tradit
1665 1126 1711 1173 ei
1722 1144 1737 1184 ;
1758 1142 1859 1174 nec
1872 1126 1975 1176 du-

447 1187 629 1240 bitare
651 1207 789 1247 eum,
811 1190 944 1256 quin
963 1207 1173 1244 omnem
1195 1192 1412 1262 regiam
1430 1189 1831 1258 supellectilem
1852 1210 1970 1245 cum

438 1256 686 1327 pecunia
705 1258 972 1316 traderet,
1031 1258 1231 1308 adiecit.
1296 1258 1582 1320 Parmenio,
1606 1259 1895 1309 asservari
1910 1275 1969 1308 eo

447 1325 602 1386 iusso,
625 1326 794 1375 literas
815 1326 1001 1390 aperit:
1043 1327 1099 1389 in
1118 1324 1231 1391 quis
1252 1336 1360 1374 erat
1380 1326 1645 1395 scriptum,
1670 1334 1734 1375 ut
1756 1335 1971 1377 mature

444 1392 767 1445 Alexander
787 1393 1033 1462 aliquem
1052 1410 1122 1443 ex
1144 1390 1376 1442 ducibus
1396 1392 1514 1441 suis
1535 1392 1809 1454 mitteret,
1851 1410 1972 1443 cum

444 1477 613 1511 manu
633 1460 729 1512 exi
769 1478 860 1511 ua.
929 1460 1106 1524 Itaque
1126 1477 1182 1509 re
1204 1461 1425 1523 cognita,
1457 1458 1705 1509 Mardum
1724 1459 1855 1510 datis
1878 1478 1971 1511 co-

443 1528 656 1576 mitibus
678 1545 706 1575 a
765 1525 1087 1593 proditorem
1108 1528 1337 1577 remittit.
1367 1526 1461 1575 Ille
1483 1545 1510 1576 e
1528 1526 1769 1577 manibus
1792 1539 1973 1577 custo-

445 1592 706 1643 dientium
726 1596 916 1658 lapsus,
936 1592 1251 1643 Damascum
1270 1606 1385 1643 ante
1398 1595 1571 1643 lucem
1584 1596 1758 1644 intrat.
1826 1596 1972 1645 Tur-

339 1694 350 1697 -
407 1700 413 1705 ,
440 1658 650 1709 haverat
679 1677 736 1709 ea
755 1677 834 1709 res
854 1658 1208 1712 Parmenionis
1228 1662 1463 1710 animum
1481 1660 1691 1710 insidias
1711 1662 1970 1724 timenti53

443 1736 497 1775 et
515 1726 750 1788 ignotum
771 1728 866 1775 iter
881 1726 993 1775 sine
1015 1726 1145 1777 duce
1165 1746 1273 1777 non
1292 1727 1511 1777 audehat
1531 1728 1756 1792 ingredi:
1798 1730 1970 1779 felici-

441 1793 534 1843 tati
553 1803 724 1843 tamen
744 1795 876 1857 regis
894 1795 974 1841 ‚sui
996 1796 1230 1857 confisus,
1260 1802 1537 1863 agrestes,
1570 1794 1667 1863 qui
1686 1794 1847 1853 daces
1867 1794 1969 1845 iti-

441 1859 596 1909 neris
615 1869 812 1921 essent,
835 1860 1019 1927 excipi
1036 1862 1199 1911 iussit.
1270 1862 1471 1927 Quibus
1485 1861 1714 1911 celeriter
1734 1864 1966 1929 repertis,

441 1940 623 1992 quarto
645 1928 727 1979 die
748 1928 814 1979 ad
827 1929 1012 1977 urbem
1031 1928 1283 1993 pervenit3
1304 1930 1409 1978 iam
1420 1940 1677 1977 metuente
1688 1928 1964 1995 praefecto,

439 2012 504 2044 ne
525 1996 621 2046 sib'i
641 1996 764 2047 fides
783 1996 951 2045 habita
970 2007 1247 2049 nonesset.
1291 1994 1451 2059 Igitur
1471 1995 1613 2061 quasi
1631 2012 1819 2061 parum
1836 2012 1967 2045 mu·-

436 2063 680 2113 nimentis
703 2062 882 2131 oppidi
900 2062 1081 2124 fidens,
1102 2072 1219 2129 ante
1239 2064 1363 2111 solis
1376 2074 1549 2111 ortum
1552 2062 1855 2129 pecuniam
1868 2080 1967 2112 re-

432 2130 607 2196 giam,
643 2142 798 2195 quam
863 2146 1022 2181 azam
1041 2128 1221 2179 Persae
1240 2140 1439 2191 vocant,
1473 2128 1965 2197 cumpretiosissi-

435 2194 540 2244 mi&
557 2212 736 2247 rerum
754 2147 950 2265 efflui
968 2198 1133 2247 iubet:
1160 2196 1340 2261 fugam
1358 2197 1630 2258 simulans3
1667 2214 1721 2246 re
1742 2214 1879 2259 vera,
1900 2207 1967 2248 ut

431 2260 688 2327 praedam·
715 2262 854 2314 hosti
890 2268 1114 2317 offerret.
1179 2264 1347 2313 Multa
1366 2265 1533 2313 millia
1551 2265 1781 2314 virorum
1800 2262 1968 2314 femi-

431 2344 722 2394 natumque
743 2330 1076 2381 excedentem
1096 2330 1288 2398 oppido
1310 2330 1677 2396 sequebantur-3
1708 2332 1964 2391 omnibus

426 2395 739 2446 miserabilis.
756 2398 906 2447 turba
919 2407 952 2459 ,'
975 2409 1174 2463 praeter
1195 2414 1331 2461 eum,
1376 2398 1518 2447 cuius
1536 2396 1655 2447 fidei
1679 2399 1967 2450 commissa

425 2462 608 2514 fuerat.
679 2463 887 2531 Quippe
927 2480 1030 2529 quo
1053 2466 1216 2515 maior
1234 2463 1540 2529 proditionis
1581 2480 1779 2515 merces
1800 2465 1962 2529 foret,

426 2529 648 2581 obiicere
685 2530 818 2579 hosti
855 2530 1066 2598 parabat
1100 2533 1377 2597 gratiorem
1398 2532 1542 2581 omni
1562 2532 1777 2598 pecunia
1794 2551 1964 2599 prae-

425 2592 571 2661 dam,
591 2598 792 2649 nobiles
812 2600 962 2661 viros,
983 2611 1284 2664 praetorum
1302 2597 1445 2647 Darii
1466 2596 1707 2663 coniuges
1724 2600 1963 2651 liberos-

424 2677 550 2727 que3
607 2656 808 2735 praeter
850 2665 944 2717 hos
967 2666 1179 2729 urbium
1198 2664 1513 2717 Graecarum
1534 2664 1725 2737 legatos
1738 2702 1756 2731 ,
1818 2684 1960 2733 quos
