2084 3009
397 141 505 201 256
801 147 808 151 ·
938 129 1007 197 Q.
1076 126 1410 182 CVRTII
1938 201 1965 227 ⁶

400 241 455 293 in
474 238 635 289 altum
656 244 855 286 cavatae
876 235 1065 285 iacent:
1097 250 1298 300 quaque
1320 232 1577 297 desinunt,
1599 232 1741 285 fossa‘
1756 232 1943 299 ingen-

399 309 464 357 tis
505 305 673 371 operis
716 304 914 356 obiecta
953 315 1044 353 est.
1123 316 1279 351 xxxv
1328 300 1489 350 stadia
1527 317 1713 350 murus
1753 303 1945 351 urbem

399 373 780 441 complectitur,
803 373 944 421 cuius
965 370 1206 419 inferiora
1226 386 1368 431 saxo,
1383 369 1650 435 superiora
1671 367 1837 419 crudo
1860 370 1949 418 la·-

400 453 510 493 tere
529 451 648 490 sunt
667 449 873 489 structa.
939 438 1114 487 Lateri
1138 437 1406 486 vinculum
1424 434 1622 513 lapides
1644 449 1785 497 sunt,
1808 454 1943 501 quos

401 510 778 574 interposuere,
807 518 866 558 ut
886 504 1085 555 duriori
1114 504 1356 555 materiae
1389 503 1581 567 fragilis
1604 504 1946 565 incumberet,

401 577 660 640 timulque
699 587 832 625 terra
872 573 1093 623 humore
1133 572 1311 622 diluta.
1390 570 1469 619 Ne
1486 582 1665 621 tamen
1704 572 1944 620 universa

402 636 722 703 consideret]
753 642 1022 707 impositae
1044 651 1190 689 erant
1208 639 1376 688 trabes
1394 636 1595 688 validae
1610 674 1623 697 ,
1644 639 1834 704 quibus
1855 636 1948 686 in'-

403 712 530 761 iecta
560 710 788 759 tabulata
816 725 996 757 muros
1032 720 1083 757 et
1102 708 1368 772 tegebant,
1406 716 1459 754 et
1476 705 1680 771 pervios
1702 707 1959 755 fecerant(

401 776 540 826 Haec
567 776 889 825 munimenta
921 777 1360 841 contemplantem
1390 770 1779 836 Alexandrum,
1812 790 1948 822 con-

404 845 604 909 siliique
625 844 906 905 incertum,
947 843 1069 908 quia
1086 860 1180 893 nec
1202 857 1441 892 cavernas
1462 841 1563 888 nisi
1584 856 1769 905 aggere
1790 852 1952 907 pote·
1978 894 1989 907 ,

404 923 486 961 rat
505 911 739 977 implere,
760 927 856 960 nec
875 920 1135 959 tormenta
1156 910 1300 959 aliter
1312 908 1477 957 muris
1495 906 1773 957 admovere
1790 928 1805 971 3
1827 909 1952 973 qui·-

405 978 528 1027 dam
567 996 594 1027 e
623 996 777 1027 muro
809 978 986 1045 sagitta
1006 978 1274 1042 percussit.
1344 976 1489 1025 Tum
1518 976 1653 1024 forte
1686 977 1740 1024 in
1768 992 1954 1025 suram

405 1045 581 1096 incidit
601 1048 793 1095 telum:
833 1045 978 1093 cuius
999 1044 1199 1109 spiculo
1222 1044 1415 1103 evulso,
1437 1041 1723 1092 admoveri
1742 1060 1954 1112 equum

404 1113 578 1172 iussit3
627 1129 731 1176 quo
761 1123 933 1161 vectus
952 1128 1018 1159 ne
1041 1111 1267 1173 obligato
1288 1128 1321 1177 q
1361 1112 1371 1123 “
1398 1127 1501 1175 ,em
1522 1110 1765 1173 vulnere,
1811 1110 1955 1161 haud

404 1179 610 1243 segnius
650 1176 894 1227 destinata
934 1178 1351 1242 exsequebatur:
1442 1190 1643 1226 eterum
1674 1194 1800 1227 cum
1831 1195 1956 1229 crus

405 1246 639 1297 saucium
666 1244 939 1311 penderet,
981 1257 1030 1294 et
1052 1253 1234 1295 cruore
1254 1246 1354 1294 sice
1408 1263 1438 1294 o
1458 1245 1737 1309 frigescens
1758 1247 1957 1296 vulnus

406 1325 699 1379 aggravaret
719 1312 959 1362 dolorem
972 1348 986 1373 ,
1025 1312 1213 1375 dixisse
1234 1313 1421 1361 fertur:
1461 1328 1519 1361 se
1538 1310 1768 1381 quidem
1790 1314 1957 1363 Iovis·

409 1380 583 1435 filium
606 1379 745 1445 dici,
783 1380 888 1431 aed
917 1378 1163 1447 corporis
1184 1378 1357 1449 aegri
1378 1378 1519 1431 vitia
1538 1380 1769 1429 sentire.
1824 1381 1883 1431 N
1886 1399 1956 1431 on

377 1464 384 1469 ·
407 1461 584 1499 tamen
605 1460 720 1499 ante
741 1466 796 1499 se
818 1450 1085 1514 recepit-in
1108 1460 1298 1509 castra,
1337 1464 1497 1513 quam
1518 1460 1700 1497 cuneta
1720 1466 1955 1517 prospe-

406 1518 498 1579 xit,
524 1529 573 1566 et
597 1534 726 1581 quae
745 1518 854 1565 fieri
873 1518 1042 1577 vellet,
1066 1514 1241 1564 edixit.
1260 1514 1455 1579 ”Ergo‚
1476 1515 1609 1565 sicut
1627 1516 1957 1581 imperatum

407 1596 530 1646 erat,
556 1585 642 1633 alii
663 1596 804 1634 extra
823 1584 1009 1633 urbem
1026 1595 1159 1632 tecta
1179 1582 1619 1645 demoliebantur,
1641 1584 1957 1648 ingentem-

408 1668 509 1717 que
541 1653 651 1701 vim
685 1652 928 1701 materiae
967 1649 1205 1701 faciendo
1246 1651 1418 1714 aggeri
1457 1649 1817 1702 detrahebant:
1862 1654 1957 1705 alii

407 1733 716 1782 magnarum
738 1720 987 1769 arborum
1016 1718 1213 1785 stipites
1246 1718 1467 1766 cumulis
1499 1735 1559 1766 ac
1586 1720 1757 1773 moles
1789 1738 1949 1772 saxo-

409 1801 534 1835 rum
552 1785 603 1833 in
626 1802 862 1835 cavernas
885 1785 1206 1836 deiiciebant.
1272 1782 1487 1851 Iamque
1511 1802 1669 1850 agger
1688 1803 1955 1852 aequave-

409 1864 491 1905 rat
509 1869 741 1901 stunmae
763 1852 1028 1917 fastigium
1045 1864 1238 1902 terrae:
1280 1853 1451 1918 itaque
1484 1865 1649 1905 turres
1671 1854 1953 1919 erigeban-

412 1924 542 1982 tur,‘
572 1936 712 1985 ‘quae
744 1936 896 1986 opera
918 1920 1111 1986 ingenti
1134 1920 1368 1971 militum
1388 1918 1569 1973 ardore
1591 1921 1721 1970 intra
1741 1939 1953 1973 nonum

414 1986 557 2038 diem
577 1986 812 2039 absoluta
831 1999 966 2038 sunt.
1055 1984 1145 2037 Ad
1165 2006 1222 2037 ea
1242 1986 1451 2039 visenda
1466 2005 1563 2038 rex
1580 1986 1825 2039 nondum
1848 1992 1953 2041 ob·

415 2054 570 2105 ducta
587 2056 789 2107 vulneri
811 2056 1040 2106 cicatrice
1061 2056 1340 2121 processit3
1402 2054 1725 2122 laudatisque
1757 2058 1953 2108 mniti-

413 2122 512 2177 bus
527 2158 540 2181 ,
583 2122 868 2174 admoveri
885 2122 1175 2175 machinas
1192 2123 1363 2172 iussit:
1412 2140 1439 2171 e
1462 2124 1649 2189 quibus
1668 2123 1851 2189 ingens
1872 2128 1952 2177 vis

411 2190 638 2241 telonun
672 2176 726 2242 in
746 2204 1151 2257 propugnatores
1173 2192 1330 2240 effusa
1352 2190 1451 2240 est!
1492 2190 1771 2258 Praecipue
1790 2193 1951 2245 rudet

415 2257 604 2307 talium
642 2274 861 2324 operum
895 2254 1155 2310 temnant
1192 2257 1412 2319 mobiles
1448 2268 1641 2321 turres,
1680 2271 1953 2326 tantasque

415 2325 585 2373 moles
610 2326 755 2374 nulla
785 2342 883 2390 ope
913 2344 1044 2391 quae
1076 2334 1369 2375 cerneretur
1398 2324 1674 2385 adductas,
1711 2326 1955 2377 Deorum

415 2392 631 2440 numine
651 2392 730 2455 agi
751 2392 1044 2444 credebant.
1076 2391 1210 2443 Pila.
1224 2409 1332 2461 quo
1373 2408 1442 2441 ue
1464 2391 1735 2459 muralia,
1768 2404 1831 2445 et
1850 2412 1953 2445 ex·

411 2473 618 2508 cussa-e
650 2459 938 2508 tormentis
948 2476 1301 2527 praegraves
1358 2467 1517 2509 astas
1536 2461 1793 2526 negabant
1814 2479 1952 2512 con-

417 2523 608 2583 venire
657 2523 996 2576 mortalibus.
1063 2526 1241 2591 Itaque
1287 2526 1557 2593 desperata
1604 2528 1749 2579 urbis
1786 2531 1949 2581 tutela

419 2601 716 2642 concessere
733 2592 788 2642 in
806 2608 996 2643 arcem.
1048 2592 1192 2657 Inde,
1216 2596 1336 2661 quia
1354 2596 1486 2645 nihil
1505 2596 1723 2649 obsessis
1744 2609 1951 2665 praeter
