2084 3009
669 110 1004 165 LIBER
1082 111 1222 168 vn.
1356 116 1381 161 J
1610 118 1709 173 201

184 219 426 269 canitiem
447 213 745 277 ostentans,⁸
759 215 951 277 Venit,
982 216 1175 279 inquit,
1209 212 1354 273 dies,
1378 228 1483 283 quo
1502 221 1603 263 aut
1622 214 1711 264 vi·-

179 288 415 343 ctoria,—
431 290 723 345 auttrnorte
743 281 1161 343 honestissima,
1204 279 1399 349 quales
1419 281 1623 330 amicos
1656 290 1713 331 et

176 350 382 405 milites
413 348 740 398 Alexander
777 346 1008 411 habeat,
1052 348 1354 399 ost-endam.
1424 348 1531 398 Nec
1560 350 1706 413 plura

174 422 412 467 elocutus
435 431 631 479 equum
650 415 704 464 in
721 414 922 464 hostem
943 418 1061 479 egit.
1114 415 1359 465 Crederes
1380 416 1707 482 imperatum,

175 496 232 533 ut
254 483 394 540 acies
427 493 674 545 utraeque
695 482 796 529 tela
817 482 1131 531 cohiberent.
1199 482 1441 543 Protinus
1465 495 1599 531 certe
1619 500 1705 531 re-

173 559 469 609 cesserunt,
491 546 610 596 dato
627 548 796 598 libero
819 550 1012 615 spati03
1034 550 1219 599 intenti
1243 552 1296 599 in
1320 562 1575 611 eventum,
1600 566 1705 597 non

171 618 413 667 duorum
431 614 617 677 mod0,
639 612 732 663 sed
753 617 906 665 etiam
928 634 1047 665 suae
1068 618 1243 679 sortis,
1266 618 1458 682 quippe
1479 618 1703 665 alienum
1762 614 1767 620 ⁴

171 684 464 734 discrimen
501 680 739 738 secuturi.
807 682 958 732 Prior
997 684 1243 735 barbarus
1284 686 1453 733 emisit.
1490 683 1705 745 hastam,

208 768 340 801 uam
387 749 624 817 Erigyius
671 749 879 800 modica
918 751 1094 816 capitis
1135 751 1474 801 declinatione
1516 752 1705 800 vitavit.

168 772 246 870 gt
279 820 392 883 ipse
425 818 662 865 infestam
694 820 932 867 sarissam
962 835 1095 883 equo
1130 821 1407 868 calcaribus
1430 820 1630 868 concito
1652 819 1706 867 in

169 885 358 937 medio
377 885 581 933 barbari
603 895 806 947 gutture
829 887 898 934 ita
921 886 1058 948 fixit,
1099 896 1156 933 ut
1189 904 1281 952 per
1302 887 1551 935 cervicem
1573 886 1708 934 emi-

170 964 344 1003 neret.
410 951 777 1017 Praecipitatus
811 970 874 1002 ex
903 970 1036 1017 equo
1068 952 1314 1011 barbarus
1348 951 1515 1001 adhuc
1536 963 1705 999 tamen

170 1020 513 1085 repugnabat.
594 1017 700 1067 Sed
732 1020 820 1068 ille
856 1031 1135 1068 extractam
1167 1038 1229 1076 ex
1256 1021 1469 1068 vulnere
1506 1017 1707 1067 hastam

169 1103 358 1138 rursus
379 1086 434 1135 in
454 1104 510 1135 os
534 1085 722 1151 dirigit.
777 1085 1131 1136 Satibarzanes
1157 1086 1354 1137 hastam
1375 1102 1536 1135 manu
1556 1102 1717 1134 com--

169 1156 388 1219 plexus,
429 1171 531 1219 quo
561 1155 810 1212 maturius
841 1156 1094 1217 interiret²
1136 1155 1298 1203 ictum
1317 1154 1477 1206 hostis
1498 1150 1707 1203 adiuvit.

171 1222 244 1269 Et
255 1222 482 1281 ba1·hari,-
499 1220 626 1271 duce
648 1224 855 1282 amisso,
877 1238 1034 1285 quem
1054 1223 1527 1285 magisnecessitate
1549 1236 1705 1285 quam

172 1298 364 1353 sponte
385 1289 543 1337 secuti
565 1300 726 1348 erant,
747 1300 870 1336 tunc
889 1286 1026 1354 haud
1048 1288 1379 1349 immemores
1400 1288 1705 1336 meritorum

169 1354 488 1416 Alexandri,
527 1372 671 1404 arma
700 1354 912 1421 Erigyio
944 1352 1170 1402 tradunt.
1236 1354 1345 1402 Rex
1375 1353 1454 1401 his
1494 1352 1707 1417 quidem

119 1440 135 1451 ⁵
172 1422 370 1483 laetus»,
411 1421 474 1470 de
508 1422 772 1488 Spartanis
810 1420 1209 1485 haudquaquam
1238 1435 1473 1478 securim,
1512 1434 1706 1481 magno

173 1503 354 1540 tamen
383 1490 554 1537 animo
586 1489 927 1538 desectionem
958 1504 1143 1537 eorum
1171 1487 1315 1549 tulit3
1356 1484 1557 1543 dicens,
1598 1499 1706 1534 non

169 1558 313 1607 ante
336 1563 507 1605 ausos·
529 1555 764 1606 consilia
783 1555 1027 1617 nudare,
1074 1570 1244 1625 quam
1266 1552 1448 1621 ipsum
1469 1552 1549 1601 ad
1550 1550 1705 1615 fines

174 1622 376 1673 Indiae
387 1624 712 1690 pervenisse
731 1622 1144 1691 cognovissent.
1212 1620 1328 1687 Ipse
1349 1620 1565 1669 Bessum
1583 1638 1703 1685 per-

173 1708 396 1756 sequens
438 1692 606 1754 copias
645 1692 832 1739 movitz
892 1691 975 1739 cui
1011 1690 1250 1757 Erigyius
1284 1689 1451 1755 spolia
1482 1687 1703 1751 barbari,

175 1776 273 1809 ceu
295 1758 536 1823 opimum
552 1758 680 1807 belli
701 1756 882 1819 decus,
917 1758 1208 1821 praeferens
1232 1757 1466 1805 occurrit.
1560 1790 1573 1795 -

244 1821 398 1873 CAP.
431 1822 498 1873 V.‘
595 1822 757 1889 Igitur
785 1820 1173 1873 Bactrianorum
1203 1825 1414 1889 regione
1445 1818 1703 1873 Artabazo
1728 1845 1734 1850 ·

170 1890 390 1951 tradita,
424 1891 642 1951 sarcinas
681 1902 732 1939 et
771 1890 1139 1957 impedimenta
1177 1892 1249 1940 ibi
1290 1908 1411 1940 cum
1447 1888 1719 1954 praesidio·

168 1958 409 2020 reliquit.
511 1957 627 2024 Ipse
667 1974 787 2009 cum
827 1956 1067 2023 expedito
1106 1960 1311 2021 agmine
1350 1959 1467 2005 loca
1506 1955 1703 2004 deserta
1732 2007 1738 2014 ,

172 2022 569 2087 Sogdianorum
598 2026 778 2086 intrat,
822 2036 1075 2073 nocturno
1096 2024 1276 2073 itinere
1300 2023 1581 2071 exercitum
1601 2020 1703 2069 du·-

169 2108 321 2143 cens.
389 2086 683 2155 Aquarum,
726 2102 785 2141 ut
806 2102 921 2140 ante
944 2091 1142 2140 dictum
1166 2092 1273 2150 est,
1301 2088 1541 2154 penuria,
1562 2088 1703 2153 prius

173 2158 538 2225 desperatione
552 2194 565 2219 ‚
607 2176 765 2225 quam
787 2158 1042 2209 desiderio
1064 2155 1279 2218 bibendi
1299 2157 1439 2205 sitim
1458 2153 1702 2205 accendit·

174 2225 276 2277 Per
309 2240 438 2274 cccc
471 2224 655 2289 stadia,
699 2244 766 2275 ne
785 2225 1026 2275 modicus
1052 2224 1266 2290 quidem
1284 2223 1473 2273 humor
1494 2224 1703 2273 exsistit.

177 2292 376 2344 Arenas
406 2292 565 2359 v‘apor
593 2294 770 2343 aest1vi
785 2295 910 2342 solis
931 2292 1186 2342 accendit:
1232 2309 1360 2357 quae
1380 2293 1470 2341 ubi
1490 2294 1702 2356 flagrare

107 2374 118 2381 “
181 2370 487 2427 coeperunt,
504 2359 646 2432 haud
667 2378 814 2409 secus
834 2356 990 2426 quam
1011 2360 1288 2411 continenti
1310 2358 1547 2409 incendio
1571 2376 1703 2407 cun-

181 2440 257 2477 cta
287 2438 566 2481 torrentur.
636 2427 816 2491 Caligo
849 2424 1064 2490 deinde,
1104 2424 1389 2476 immodico
1411 2439 1573 2476 terrae
1594 2424 1697 2473 fer-

181 2511 299 2545 vore
332 2495 574 2555 excitata,
617 2495 789 2543 lucem
821 2495 968 2559 tegit:
1027 2511 1432 2559 camporumque
1461 2508 1569 2540 non
1600 2491 1699 2539 alia

180 2577 337 2626 quam
350 2561 487 2612 ‚vasti
507 2572 558 2611 et
573 2560 819 2629 profundi
841 2562 1075 2627 aequoris
1098 2562 1291 2626 species
1312 2571 1404 2610 est.
1472 2558 1697 2607 Noctur-
