2084 3009
461 112 563 167 232
987 99 1058 166 Q.
1124 58 1498 148 cvarn*

461 201 768 258 Maracanda
790 200 1106 260 consumtis3
1164 215 1287 247 cum
1306 207 1447 263 parte
1470 198 1725 247 exercitus
1746 194 1989 261 Hephae-

462 276 685 324 stionem
704 272 758 319 in
777 271 1044 335 regionem
1064 266 1384 315 Bactrianam
1403 264 1545 313 misit
1557 299 1571 327 ,
1596 276 1925 313 commeatus
1945 264 1991 311 in

460 342 689 392 hiemem
709 349 1026 405 paraturum.
1104 333 1279 398 Quam
1300 332 1436 383 Clito
1457 343 1632 380 autem
1652 331 1994 381 destinaverat

462 407 802 477 provinciam,
825 401 1097 473 ‘Amyntae
1128 398 1295 450 dedit:
1354 400 1463 465 ipse
1482 396 1725 471 Xenippa
1745 398 1997 463 pervenit.

466 473 703 544 Scythiae
725 472 939 523 confinis
959 482 1039 521 est
1060 468 1203 533 regio
1216 503 1231 529 ,
1288 466 1647 531 habitaturque
1678 465 1921 532 pluribus
1932 482 2000 513 ae

464 541 816 607 frequentibus
833 539 957 591 vicis
969 574 984 595 ,
1042 536 1163 603 quia
1192 534 1399 585 ubertas
1418 544 1584 584 terrae
1604 550 1714 583 non
1732 531 1999 597 indigenas

466 608 628 661 modo
647 608 855 669 detinet,
874 605 965 656 sed
983 606 1140 655 etiam
1152 602 1367 653 advenas
1380 601 1575 651 invitat.
1607 600 1997 649 Bactrianorum

467 676 707 727 exsulum
719 710 733 737 ‚
754 675 844 739 qui
865 674 930 723 ab
947 666 1249 725 Alexandro
1272 667 1591 730 defecerant,
1607 667 1999 734 receptaculum

467 743 647 792 flierat.
755 740 862 789 Sed
879 752 1161 805 postquam
1176 752 1355 801 regem
1372 733 1645 785 adventare
1668 744 1999 800 compertum

469 819 572 871 est;
653 808 790 875 pulsi
807 808 874 857 ab
893 808 1079 857 incolis
1104 818 1149 853 11
1166 804 1333 853 millia
1350 802 1456 851 sere
1477 813 1527 851 et·
1546 800 1758 851 ducenti
1778 816 1998 864 congre-

468 886 669 942 gantur.
705 873 904 924 Omnes
925 874 1120 939 equites
1140 882 1298 932 erant,
1320 870 1477 921 etiam
1494 870 1550 919 in
1570 886 1696 935 pace
1714 868 1999 918 latrociniis

469 943 674 994 assueti.
741 942 886 991 Tum
908 940 1097 989 ferocia
1114 938 1317 1001 ingenia
1334 953 1443 985 non
1460 937 1665 985 bellum
1681 934 1844 984 modo
1856 968 1873 997 ,
1912 933 2001 985 sed

471 1012 626 1061 etiam
644 1010 819 1061 veniae
839 1008 1145 1073 desperatio,
1168 1006 1475 1055 efferaverat.
1510 1002 1691 1068 Itaque
1712 1019 1779 1052 ex
1797 1003 2001 1067 impro-

474 1079 576 1127 viso
597 1076 766 1125 adorti
775 1074 1062 1140 Amyntam
1117 1084 1371 1121 raetorem
1381 1069 1679 1133 Alexandri,
1702 1067 1797 1119 diu
1816 1086 2003 1135 anceps

472 1143 730 1210 proelium
749 1143 988 1198 fecerant.
1107 1138 1144 1187 d
1161 1139 1409 1191 ultimum
1424 1152 1527 1187 ncc
1548 1154 1769 1187 suorum
1786 1138 2005 1199 amissis,

471 1224 696 1275 quorum
736 1223 834 1257 ccc
872 1206 1036 1257 hostis
1059 1207 1220 1272 cepit,
1280 1204 1473 1255 dedere
1508 1216 1653 1270 terga
1688 1205 2005 1265 victoribus3

472 1274 748 1326 haudsane
768 1275 936 1337 inulti,
977 1272 1166 1341 quippe
1185 1288 1341 1323 nm
1358 1270 1709 1322 Macedonum
1727 1272 2007 1321 interfece-

472 1354 610 1403 runt,
631 1353 933 1409 praeterque
956 1358 1042 1393 eos
1066 1356 1161 1391 ccc
1176 1353 1226 1391 et
1246 1356 1279 1389 1.
1300 1341 1456 1389 saucii
1475 1339 1593 1389 facti
1613 1350 1752 1389 sunt.
1783 1338 2009 1391 Veniam

473 1422 647 1461 tamen
667 1412 822 1461 etiam
839 1420 957 1478 post
975 1411 1194 1459 alteram
1214 1406 1557 1458 defectionem
1579 1407 2009 1472 impetraverunt.

470 1477 566 1527 His
585 1477 642 1529 in
658 1478 816 1528 fidem
831 1480 1069 1545 acceptis,
1090 1479 1143 1528 in
1162 1476 1440 1541 regionem,
1464 1491 1623 1541 quam
1631 1474 1807 1545 Naura
1824 1476 2009 1543 appel-

473 1545 598 1604 lant,
649 1562 710 1594 ex
729 1554 851 1595 cum
869 1557 977 1595 toto
999 1544 1225 1595 exercitu
1241 1544 1401 1593 venit.
1473 1542 1713 1608 Satrapes
1735 1555 1847 1594 erat
1904 1542 2010 1611 Sy-

473 1611 612 1661 simit
677 1626 756 1675 es,
815 1610 1021 1662 duobus
1041 1612 1111 1661 eit⁸
1124 1626 1214 1659 sua
1233 1621 1397 1659 matre
1416 1610 1533 1659 filiis
1552 1608 1737 1673 genitis
1750 1625 1788 1659 ι·
1816 1611 2008 1677 qnippe

474 1677 616 1742 apud
645 1695 734 1728 eos
764 1680 1060 1745 parentibus
1090 1687 1274 1743 stupro
1306 1677 1444 1727 coire
1475 1693 1595 1726 cum
1616 1676 1799 1726 liberis
1818 1676 1896 1727 fas
1916 1688 2007 1727 est.

477 1759 522 1792 11
539 1744 775 1795 millibus
796 1748 1003 1797 armatis
1023 1744 1361 1811 popularibus
1392 1743 1561 1794 fauces
1589 1744 1817 1808 regionis
1832 1780 1849 1806 ‚
1906 1759 2005 1810 qua

476 1810 532 1861 in
551 1812 892 1861 arctissimum
913 1814 1140 1877 cogitur,
1179 1810 1352 1861 valido
1372 1805 1702 1861 munimento
1724 1823 2005 1877 sepserant.

478 1877 875 1929 Praeterfluebat
895 1891 1093 1929 torrens
1112 1879 1305 1940 amnis3
1336 1895 1365 1928 a
1388 1888 1528 1943 tergo
1547 1889 1691 1944 petra
1712 1878 2007 1929 claudebat:

478 1946 610 1996 hanc
625 1961 784 1995 manu
801 1947 1030 2012 perviam
1049 1946 1245 1995 incolae
1264 1946 1506 2009 ¹fecerant.
1573 1944 1683 1995 Sed
1702 1944 1875 1995 aditus
1894 1963 2007 2012 spe-

479 2029 567 2066 cus
588 2014 768 2079 accipit
785 2015 987 2075 lucem3
1016 2014 1274 2073 interiora,
1294 2013 1396 2061 nisi
1412 2014 1560 2061 illato
1580 2011 1800 2075 lumine,
1820 2012 2005 2062 obscu-

479 2097 534 2130 ra
551 2091 688 2129 sunt.
754 2079 1033 2147 Perpetuus
1064 2081 1332 2136 cuniculus
1352 2081 1448 2128 iter
1468 2079 1680 2146 praebet
1701 2079 1755 2129 in
1776 2096 2009 2145 campos,

476 2146 712 2210 ignotum
729 2148 829 2195 nisi
849 2146 1119 2209 indigenis.
1152 2144 1222 2195 At
1238 2141 1547 2208 Alexander,
1568 2162 1886 2211 quamquam
1909 2165 2008 2196 an-

476 2212 668 2277 gustias
687 2213 907 2262 naturali
918 2214 1026 2278 §ltu
1049 2214 1271 2261 munitas
1292 2230 1350 2260 ac
1367 2213 1561 2262 validas
1572 2248 1587 2275 ,
1621 2231 1783 2263 manu
1798 2214 2006 2265 barbari

478 2279 776 2340 tuebantur3
810 2280 1249 2345 tamen‘arietibus
1269 2277 1489 2328 admotis
1510 2280 1853 2341 munimenta,
1874 2294 2007 2344 quae

477 2339 634 2393 manu
653 2344 892 2394 adiuncta
913 2357 1082 2407 erant,
1122 2346 1405 2407 concussit,
1447 2344 1721 2410 fundisque
1742 2356 1795 2395 et
1814 2347 2007 2410 sagittis

511 2412 912 2476 repugnantium
932 2413 1206 2477 plerosque
1229 2410 1441 2461 deiecit:
1479 2428 1610 2476 quos
1634 2413 1728 2463 ubi
1746 2412 2005 2478 dispersos

476 2428 681 2540 {ug-wit,
701 2476 873 2526 ruinas
885 2477 1331 2551 munimentorum
1352 2494 1718 2545 supergressus
1731 2478 1797 2529 ad
1808 2492 2003 2546 petram

479 2542 706 2594 admovit
717 2543 1012 2593 exercitum·
1027 2542 1275 2596 Ceterum
1286 2544 1653 2596 interveniebat
1664 2547 1871 2605 fluvius,
1886 2550 1991 2597 coe·
