2084 3009
834 53 863 74 l

466 201 697 256 stPL.
732 201 810 255 IN
842 202 909 271 Q.
946 203 1263 256 evermu
1295 205 1356 256 ι..
1392 206 1435 256 1.
1615 211 1718 268 379

184 304 411 358 modum
433 307 600 367 exciso
630 305 820 354 montis
842 305 1003 357 Ossae
1038 308 1212 369 latere,
1256 309 1526 358 circumitu
1556 326 1720 375 pene-

185 375 365 434 travit3
404 373 637 438 adeoque
680 375 935 422 celeritate
978 392 1070 423 sua
1113 385 1322 424 cunctos
1363 378 1621 434 exterruit,
1659 387 1720 425 ut

187 441 376 490 omnia
415 439 489 488 ei.
504 439 815 508 vectigalia
845 441 1062 490 reditus
1102 459 1186 499 ue,
1227 441 1394 492 simul
1425 443 1718 492 universae

231 506 383 556 entis
404 507 707 573 imperium,
748 507 945 576 quibua
975 508 1037 557 id
1076 507 1277 575 egibue
1297 509 1586 576 Phihppus
1611 509 1720 558 ha-

221 574 417 632 uisset,
431 577 580 624 nullo
596 576 698 626 iam
710 587 1025 640 repugnante
1034 575 1446 626 decernerentur.
1465 575 1716 637 Phthiam,

186 660 316 709 quae
338 643 537 705 generis
556 643 635 690 sui
660 652 925 690 auctorem
944 640 1206 693 Achillem
1217 644 1572 708 protulisset,
1612 642 1718 692 im-

184 725 399 762 munem
439 725 564 758 esse
601 709 799 758 iussit:
842 725 1074 777 eumque
1103 707 1318 758 heroem
1350 709 1720 777 expeditionis

184 777 455 827 {adversus
474 777 673 825 Persas
685 777 886 825 socium
900 785 1070 844 atque
1085 777 1492 828 commilitonem
1512 777 1717 846 eligere

185 863 240 896 se
261 844 407 910 dixit.
462 843 545 892 Ex
568 843 829 892 Thessalia
851 843 1224 911 Thermopylas
1245 847 1405 911 petiit,
1445 843 1718 912 publicum

188 911 437 962 Graeciae
478 911 759 958 concilium
780 945 795 972 ,
832 908 1116 976 &laicum
1154 915 1428 977 appellant.
1495 913 1574 961 Ibi
1595 927 1718 960 cum

188 980 429 1043 frequens
448 995 543 1043 per
556 981 650 1026 'eos
675 976 783 1026 dies
810 989 1090 1027 conventus
1111 991 1268 1041 esset,
1291 981 1538 1028 inlocum
1558 979 1716 1043 patris

189 1043 636 1112 Amphictyonum
657 1043 863 1092 decreto
884 1061 1122 1094 summus
1143 1046 1467 1095 Graecorum
1488 1047 1717 1111 impera-

189 1125 271 1160 tor
292 1123 505 1173 creatus,
543 1110 913 1161 Ambraciotis
932 1121 1119 1161 ratam
1137 1129 1258 1162 esee
1279 1111 1586 1162 libertatem
1608 1113 1718 1162 ius-

189 1181 283 1240 sit,·
310 1195 469 1242 quam
501 1195 670 1244 nuper
692 1181 905 1242 exRulso
928 1180 1275 1230 Macedonum
1295 1181 1550 1246 praesidio
1570 1195 1718 1228 reee-

186 1257 395 1312 perant:
418 1244 564 1294 ultro
585 1245 1126 1314 redditurumfuiese
1149 1247 1402 1308 dictitans,
1443 1248 1506 1296 ni
1515 1245 1719 1314 'paucis

186 1312 386 1363 diebus
423 1313 601 1379 ipsum
640 1313 1093 1376 qutevertissent.
1151 1315 1354 1364 Exinde
1387 1313 1582 1364 Thebis
1621 1312 1717 1361 ad-

182 1393 330 1430 moto
356 1381 604 1442 exercitu,
646 1381 903 1445 fractaque
922 1379 1240 1430 Boeotorum
1261 1378 1719 1429 et·Atheniensium

185 1448 527 1507 contumacia,
568 1447 656 1512 qui
675 1448 854 1512 populi
874 1450 1100 1498 maxime
1121 1449 1224 1497 suis
1258 1447 1482 1495 consiliis
1505 1445 1719 1494 obstite-

185 1527 319 1574 rant,
340 1513 496 1578 apud
510 1513 827 1564 Corinthum
844 1516 1182 1564 Graecorum
1192 1513 1414 1584 legato-t
1433 1527 1719 1562 occurrere

186 1581 299 1631 sibi
325 1582 490 1629 iussit.
552 1575 637 1630 Ibi
675 1584 973 1631 confirmato
1011 1582 1118 1631 Am
1157 1581 1460 1648 hictyonum
1498 1578 1720 1640 decreto,

186 1649 461 1698 communi
482 1650 716 1698 omnium
736 1651 1001 1710 sententia,
1042 1651 1096 1698 in
1159 1649 1342 1715 hilippi
1360 1647 1712 1714 patris'locum

186 1718 479 1776 imperator
500 1714 741 1766 Graeciae
760 1719 1000 1765 suffectus
1022 1728 1116 1777 est,
1158 1726 1207 1764 et
1237 1717 1290 1764 in
1323 1716 1524 1764 bellum
1543 1710 1716 1762 Persi-

193 1796 321 1828 cum
342 1779 527 1828 auxilia
548 1781 761 1832 decreta.
817 1783 973 1832 Forte
1008 1785 1065 1831 'in
1103 1782 1285 1832 eadem
1313 1782 1444 1832 urbe
1460 1781 1715 1846 Diogenes

192 1845 435 1910 degebat,
468 1848 554 1910 qui
574 1847 763 1914 Cynico
790 1851 1021 1899 instituto
1066 1862 1400 1915 spontaneam
1437 1858 1743 1918 pauperta-,

184 1927 299 1964 tem
318 1915 603 1979 amplexus,
640 1917 867 1966 liberum
906 1928 956 1966 et
989 1918 1068 1965 sui
1105 1919 1230 1968 iuris
1265 1919 1498 1968 animum
1530 1915 1715 1981 opibus

182 1982 428 2046 curisque
450 1985 777 2047 praetulerat.
818 1981 1159 2049 Apricabatur
1180 1987 1266 2033 ille
1286 1987 1340 2032 in
1361 1983 1574 2041 Craneo,
1613 1979 1721 2028 Co-

182 2048 347 2102 rinthi
372 2049 639 2112 suburbio,
679 2050 769 2098 ubi
790 2066 1150 2116 cupressorum
1168 2051 1317 2098 lucus
1339 2060 1432 2097 est.
1497 2047 1578 2096 Eo
1601 2061 1721 2094 cum

182 2114 485 2166 Alexander
506 2115 717 2166 videndi
740 2113 1124 2167 eius.desiderio
1143 2117 1382 2170 venisset.
1425 2114 1720 2180 optionem-

185 2201 289 2249 que
308 2184 512 2244 faceret,
536 2199 681 2251 quae
701 2182 884 2246 vellet,
904 2182 1122 2249 eth-ipim
1131 2179 1404 2248 petendi)-
1420 2193 1720 2246 parumper

188 2249 479 2300 discedere
500 2252 646 2300 iussit
664 2265 855 2316 regem,
886 2266 957 2299 ne
975 2249 1150 2299 <solem
1169 2248 1544 2313 interciperet.
1594 2245 1722 2295 Ino-

184 2320 427 2384 pinetum
445 2335 769 2385 responsum,
808 2317 1290 2379 hominemque,*in
1323 2333 1480 2380 quem
1509 2313 1562 2362 in
1583 2324 1720 2362 tanta

182 2403 281 2434 ana
300 2385 507 2433 fortuna
528 2402 592 2433 ne
612 2385 842 2434 beneficii
860 2383 1076 2450 quidem
1099 2383 1178 2431 ius
1198 2382 1423 2442 haberet5
1438 2380 1716 2428 admiratus

180 2451 406 2502 Macedo
428 2451 617 2501 dixisse
637 2452 813 2512 fertur,
856 2450 1162 2518 Diogenem
1203 2463 1326 2497 esee
1361 2445 1615 2505 voluisse,
1657 2445 1718 2494 ni

184 2517 519 2570 Alexander
537 2527 708 2568 esset.
781 2519 988 2568 Scilicet
1007 2514 1312 2582 magnitudo
1331 2513 1506 2572 animi,
1545 2512 1635 2574 qui
1655 2527 1719 2560 ex

188 2587 295 2636 alto
320 2585 607 2652 despiceret
628 2587 818 2646 omnia,
840 2601 1084 2649 quorum
1105 2601 1253 2634 causa
1270 2580 1458 2644 reliqui
1477 2579 1716 2628 mortales

190 2652 499 2718 semetipsos
521 2652 707 2720 cupide
725 2652 965 2722 perdunt,
984 2669 1092 2704 non
1110 2654 1262 2721 plane
1271 2649 1480 2702 fauebat
1488 2657 1716 2698 mentem
