2084 3009
475 140 814 197 LIBER
879 140 1016 195 vn.
1403 148 1510 203 203

70 261 142 293 em
154 238 325 311 ferre.
392 240 497 293 Sed
516 244 605 310 qui
634 244 1054 313 intemperantius
1085 242 1384 309 hauserant,
1423 246 1508 295 in·-

71 312 211 359 ¹cluso
233 310 409 377 spiritu
420 313 653 361 exstincti
673 324 815 365 sunt:
843 314 1114 377 multoque
1133 314 1300 362 maior
1318 313 1508 362 horum

68 394 235 427 merus
274 378 393 439 fuit,
432 396 591 443 quam
626 380 737 429 ullo
770 382 1010 431 amiserat
1035 382 1264 446 proelio.-
1318 378 1391 429 At
1419 380 1510 429 ille

68 462 253 495 noem
290 445 459 494 adhuc
500 444 734 507 indutus,
772 463 869 497 nec
906 458 993 499 aut
1022 448 1138 497 cibo
1167 447 1385 496 refectus
1425 458 1512 494 aut

68 526 112 562 tu
126 550 140 575 ,
176 529 275 576 qua
292 512 528 562 veniebat
548 516 824 576 exercitus,
858 515 1128 565 constitit.·
1169 514 1280 563 Nec
1298 524 1414 563 ante
1445 511 1512 560 ad

68 579 273 629 andum
308 596 494 645 corpus
524 582 761 643 recessit,
800 598 959 645 quam
986 582 1380 656 praeterierant,
1419 580 1512 644 qui

68 664 170 697 nen
220 647 587 712 sequebantur:
644 653 919 714 totamque
964 664 1081 697 eam
1130 659 1340 697 noctem
1388 662 1511 695 cum

71 730 175 779 gno
194 714 350 769 animi
368 726 515 763 motu
533 717 793 781 perpetuis
814 716 1001 779 vigiliis
1022 716 1142 779 egit.
1175 712 1284 765 Nec
1302 725 1510 781 postero
1546 742 1550 751 ι

95 781 279 831 laetior
308 793 441 843 erat,
486 783 607 847 quia
635 800 731 834 nec
750 784 948 848 navigia
975 781 1222 844 habehat,
1260 798 1356 831 nec
1374 796 1507 847 pons

66 849 111 911 gi
139 860 362 914 poterat,
403 851 600 898 circum
629 866 837 899 amnem
866 848 1011 901 nudo
1030 850 1174 911 solo,
1219 859 1272 899 et
1293 846 1510 898 m'ateria

66 917 213 966 xime
231 918 411 967 sterili.
480 915 769 965 Consilium
786 918 961 981 igitur,
984 914 1128 983 quod
1147 931 1316 967 unum
1333 930 1511 964 neces-

66 1002 99 1033 ιε
122 984 430 1045 subiecerat,
470 984 582 1031 init.
613 983 767 1032 Utres
785 985 1198 1051 quamplurimos
1217 982 1510 1037 stramentis

64 1063 197 1100 ertos
222 1049 419 1101 dividit.
484 1049 577 1100 His
598 1051 897 1102 incubantes
918 1063 1245 1101 transnavere
1265 1064 1475 1099 amnem
1495 1062 1512 1095 ε

64 1134 175 1182 que
193 1119 347 1183 primi
366 1119 693 1180 transierant,
713 1119 768 1169 in
780 1120 997 1168 statione
1018 1128 1188 1180 erant,
1209 1115 1340 1166 dum
1359 1115 1510 1165 traii-

64 1196 157 1233 ent
176 1186 347 1237 ceteri.
379 1184 494 1233 Hoc
522 1184 685 1235 modo
707 1197 850 1237 sexto
869 1185 1085 1235 demum
1105 1184 1188 1234 die
1209 1185 1265 1233 in
1284 1183 1508 1233 ulterio-

64 1252 173 1315 ripa
196 1261 371 1297 totum
390 1251 673 1298 exercitum
690 1253 940 1316 exposuit.
1004 1252 1220 1316 Iamque
1239 1249 1308 1299 ad
1325 1266 1508 1316 perse-

64 1313 255 1364 endum
283 1314 498 1363 Bessum
526 1326 765 1363 statuerat
794 1314 1064 1379 progredi3
1102 1332 1225 1364 cum
1254 1333 1337 1377 ea,
1373 1331 1508 1379 quae

64 1380 333 1447 Sogdianis
356 1391 527 1443 erant,
567 1383 840 1445 cognoscit.
910 1381 1231 1445 Spitamenes
1251 1392 1358 1430 erat
1374 1383 1511 1429 inter

63 1466 163 1499 nes
194 1449 389 1497 amicos
408 1448 686 1513 praecipuo
704 1446 902 1497 honore
922 1449 1090 1497 cultus
1109 1465 1139 1496 a
1161 1445 1334 1496 Besso.
1401 1444 1510 1495 Sed

62 1517 133 1565 lis
172 1516 371 1565 meritis
409 1514 625 1580 perfidia
660 1514 885 1579 mitigari
924 1525 1116 1583 potest:
1166 1530 1296 1579 quae
1333 1523 1530 1579 tamen⁴

62 1600 152 1633 ms
174 1583 231 1630 in
250 1599 312 1630 eo
333 1582 491 1631 invisa
522 1598 630 1631 esse
658 1592 885 1649 poterat,
924 1583 1045 1645 quia
1074 1580 1205 1630 nihil
1232 1580 1328 1629 ulli
1359 1579 1512 1629 nefa-

62 1667 117 1699 m
170 1650 228 1698 in
262 1646 479 1698 Bessum
515 1650 897 1705 interfectorem
931 1650 1068 1711 regis
1109 1649 1189 1697 sui
1226 1644 1512 1698 videbatur.

63 1717 195 1766 ulus
234 1714 474 1763 facinoris
514 1717 776 1781 speciosus
812 1714 1218 1781 praeferebatur,
1257 1712 1509 1765 vindicta

64 1781 185 1833 rii:
226 1780 319 1829 sed
337 1781 615 1842 fortunam,
636 1798 741 1829 non
760 1782 929 1831 melus
950 1779 1162 1831 oderant
1181 1779 1339 1829 Bessi.
1373 1780 1510 1837 Nam

63 1845 434 1899 Alexandrum
470 1848 667 1898 flumen
706 1844 885 1911 Ogum
928 1864 1190 1914 superasse
1226 1847 1510 1912 2cognovit5

62 1916 367 1983 :apher-nem
406 1926 455 1963 et
484 1914 760 1974 Catenem,
802 1913 989 1979 quibus
1029 1932 1059 1965 a
1089 1914 1249 1964 Besso
1277 1910 1509 1964 maxima

62 2002 99 2032 ἐ
148 1980 463 2043 habebatur,¹
522 1983 577 2030 in
624 1982 919 2031 societatem
955 1982 1033 2031 rei
1072 1981 1322 2033 adsciscit.
1423 1978 1512 2030 Illi

63 2049 241 2098 mtius
290 2045 503 2105 adeunt,
562 2063 717 2112 quam
768 2048 1107 2111 rogabantnr3
1164 2047 1506 2110 assumtisque

62 2135 87 2167 a
134 2112 433 2164 fortissimis
470 2112 761 2175 iuvenibus,
800 2116 961 2163 talem
999 2109 1184 2161 dolum
1219 2110 1510 2162 intendunt.

62 2194 313 2231 ,tamenes
351 2180 516 2246 pergit
552 2180 619 2229 ad
658 2179 902 2244 Bessum,
955 2192 1006 2230 et
1042 2180 1253 2229 remotis
1293 2179 1510 2239 arbitris,

62 2247 309 2315 aperis-re
348 2248 419 2295 ait
455 2263 544 2307 se,
600 2246 861 2297 insidiari
900 2246 957 2296 ei
991 2244 1414 2313 Dataphernem
1452 2254 1510 2295 et

62 2325 288 2374 tenem5
347 2322 413 2363 ut
454 2313 645 2367 vivum
691 2312 1010 2364 Alexandro
1047 2313 1344 2385 traderent
1377 2311 1512 2381 agi-

62 2391 203 2443 ztes,
255 2390 479 2439 asemet
497 2390 792 2447 occupatos·
814 2397 935 2431 esse
949 2417 965 2443 ,
1003 2388 1064 2431 et
1081 2380 1294 2441 vinctos
1314 2379 1512 2429 teneri.
1548 2429 1553 2433 ,

62 2464 175 2496 sus
204 2460 346 2499 tanto
366 2450 581 2507 merim,
619 2461 679 2496 ut
698 2447 960 2509 credebat,
1001 2448 1284 2513 obligatus,
1324 2447 1513 2513 partim
1545 2452 1548 2457 '

62 2515 171 2563 tias
192 2516 291 2578 agit
310 2552 324 2574 ,
365 2516 555 2581 partim
587 2513 761 2563 avidus
784 2512 1026 2580 explendi
1045 2515 1284 2581 supplicii
1306 2507 1515 2561 adduci

63 2606 64 2611 ¹
78 2580 183 2632 iub
190 2592 255 2631 et.
264 2580 595 2633 Illimanibus
608 2598 699 2631 sua
710 2592 891 2649 sponte
900 2582 1170 2647 religatis,a
1179 2576 1511 2653 partkipibus

332 2682 356 2716 Ι
780 2676 817 2699 κ
