2084 3009
420 91 526 151 430
808 90 853 140 1.
910 65 1558 139 FRErNsuEMIi

423 193 565 244 diam
595 192 832 240 conviciis
862 189 1100 238 insectari
1139 187 1341 238 hostem
1377 189 1657 254 pulchrum
1695 187 1947 251 ducebat3

422 259 514 309 sed
533 261 719 306 virtute
744 271 793 306 et
813 257 1037 306 consiliis
1061 257 1192 304 vires
1224 257 1362 305 illius
1395 257 1696 320 animosque
1719 268 1948 304 contun-

420 323 560 375 dere.
618 325 776 389 Igitur
807 341 928 373 cum
958 315 1236 388 aliquand'o
1275 324 1328 372 in
1359 325 1556 388 agmine
1587 321 1862 386 quendam
1891 340 1951 372 ex

418 393 750 442 mercenariis
790 393 1045 440 nonnulla
1084 392 1456 440 contumeliose
1489 402 1539 440 et
1569 391 1870 455 petulanter
1898 391 1948 438 in

420 458 775 511 Alexandrum
794 460 1066 508 iacientem
1085 457 1324 518 audisset,
1347 476 1588 506 conversa
1608 457 1753 506 hasta
1773 458 1952 506 homi-

419 544 541 576 nem
561 528 786 591 pulsans,
808 543 914 576 non
934 532 994 573 te
1012 525 1264 582 conduxi,
1285 526 1467 590 inquit,
1506 533 1569 573 ut
1589 522 1953 574 malediceres

419 592 759 652 Alexandro,
800 594 900 643 sed
926 601 993 642 ut
1009 591 1279 643 adversus·
1301 591 1446 641 illum
1468 591 1790 656 dimicares.

522 659 651 708 CAr.
670 661 737 708 X.
792 661 991 710 Interea
1010 660 1208 708 obsessi
1241 675 1448 708 summo
1481 659 1654 708 studio
1689 660 1955 708 securitati

421 743 545 776 suae
561 727 906 792 providentes,
946 743 1043 792 pro
1084 725 1256 774 diruto
1284 731 1436 773 niuro
1464 727 1626 774 alium
1647 727 1956 775 interiorem

421 810 483 842 ex
504 806 649 841 cocto
672 795 829 844 latere
860 794 1166 853 eduxerunt,
1205 810 1311 840 non
1341 804 1479 840 recta
1508 795 1738 856 regione,
1789 793 1957 842 sedin

419 861 669 914 nascentis
690 862 843 909 lunae
863 862 1082 925 figuram
1100 861 1361 908 sinuatum
1376 867 1577 924 :lea'que
1598 877 1698 920 res,
1723 877 1856 909 cum
1875 861 1959 909 in·-

419 939 497 976 ter
516 929 711 976 multos
734 928 1072 979 distributum
1100 943 1290 975 munus
1322 938 1467 988 esset,
1509 928 1784 975 celerrime
1829 945 1959 978 con-

418 994 552 1042 fecta
573 1006 667 1042 est.
712 995 862 1043 Hunc
880 1011 1098 1044 murum.
1114 991 1642 1058 Alexander'postero
1664 996 1854 1044 statim
1874 995 1956 1044 die

417 1059 666 1110 machinis
690 1079 927 1124 quassare
949 1063 1134 1124 coepit,
1173 1077 1277 1121 quo
1311 1061 1510 1108 minore
1541 1063 1752 1122 negotio
1774 1079 1952 1112 recens

369 1160 375 1164 -
420 1125 586 1174 adhuc
608 1142 735 1190 opus
756 1127 1100 1174 labefactaret.
1174 1124 1236 1183 In
1259 1143 1317 1174 eo
1339 1127 1518 1176 labore
1541 1130 1810 1194 occupatis
1839 1132 1954 1180 Ma·-

418 1191 733 1254 cedonibus,-
755 1193 946 1240 iterum
986 1208 1052 1240 ex
1088 1191 1219 1240 urbe
1255 1191 1426 1242 valida
1457 1195 1661 1259 eruptio
1697 1197 1836 1244 facta
1857 1210 1954 1246 est:

420 1259 753 1324 cratIumque,
800 1261 984 1325 quibus
1025 1265 1183 1326 o'pera
1218 1261 1546 1324 tegebantur,
1586 1264 1865 1326 nonnihil,
1907 1277 1954 1312 et

420 1329 571 1376 unius
596 1329 750 1388 turris
771 1329 969 1392 ligneae
988 1339 1190 1393 partem
1208 1329 1416 1376 flamma
1429 1328 1846 1392 comprehendit.
1878 1332 1952 1380 Ne
1981 1369 1988 1378 .

418 1395 485 1443 ad
506 1407 670 1444 cetera
693 1413 846 1460 opera
864 1397 1102 1444 transiret
1123 1393 1434 1457 incendium,
1454 1395 1682 1444 Philotas
1705 1408 1758 1445 et
1779 1397 1954 1447 Hella-

418 1463 561 1509 nicus
584 1463 909 1520 obstiterunt,
950 1462 1140 1526 quibus
1179 1462 1233 1510 in
1265 1479 1379 1510 eam
1419 1461 1559 1510 diem
1589 1464 1954 1514 machinarum

421 1527 651 1576 custodia
673 1529 919 1577 cesserat'2·
952 1541 1003 1577 et
1040 1526 1348 1590 Alexander,
1387 1539 1588 1576 mature
1622 1545 1952 1595 conspectuS,

418 1605 617 1644 tantum
640 1595 993 1660 trepidationis
1014 1596 1190 1644 inlecit
1214 1595 1441 1644 hostium
1461 1595 1660 1655 animis,
1701 1609 1764 1646 ut
1787 1602 1954 1648 omis-

416 1662 485 1711 sis
507 1661 718 1722 facibuS,
736 1661 922 1726 quibus
950 1663 1133 1711 armati
1151 1673 1528 1728 procurrerant,
1552 1662 1772 1727 quidam
1794 1667 1952 1716 etiam

404 1742 555 1773 arma
578 1728 835 1788 iacientes,
862 1731 1019 1778 effusa
1040 1729 1162 1792 fuga
1185 1729 1437 1795 oppidum
1455 1741 1767 1794 repeterent.
1820 1733 1949 1782 Inde

413 1793 520 1850 vim
530 1792 677 1840 facile
694 1796 1070 1859 propellebant,
1093 1797 1252 1845 adiuti
1265 1796 1631 1849 commoditate
1642 1799 1766 1860 loci,
1789 1818 1950 1864 quem

414 1859 578 1908 multo
619 1859 913 1923 aequiorem
943 1862 1270 1922 obtinebant3
1322 1876 1372 1911 et
1413 1865 1533 1928 quia
1569 1881 1770 1925 murus,
1815 1868 1949 1916 sicut

411 1926 656 1987 diximus,
694 1927 763 1972 ita
785 1937 1102 1974 constructus
1125 1939 1248 1986 erat,
1275 1941 1338 1978 ,ut
1357 1947 1720 1995 quamcunque
1741 1945 1948 1998 partem

414 1991 677 2043 invasisset
700 1993 879 2053 hostis,
902 2010 1008 2042 non
1030 2011 1060 2042 a
1087 1994 1252 2044 fronte
1272 2007 1486 2058 tantum,
1523 1997 1613 2046 sed
1635 2015 1699 2047 ex
1718 2011 1945 2066 utroque

412 2061 649 2122 laterum,
672 2062 949 2110 missilibus
972 2062 1141 2126 appeti
1161 2074 1350 2125 posset.
1377 2061 1502 2112 Post
1521 2064 1645 2112 haec
1664 2064 1946 2118 Persarum

416 2125 585 2188 duces,
629 2145 746 2176 cum
768 2129 939 2176 omnia
972 2129 1071 2178 sibi
1100 2129 1160 2176 in
1193 2128 1300 2178 dies
1322 2132 1534 2180 arctiora
1559 2148 1666 2179 esse
1687 2133 1945 2197 viderent,

414 2205 766 2257 constaretque
787 2213 891 2244 non
914 2197 1270 2245 abscessurum
1288 2197 1642 2260 Macedonem,
1664 2198 1838 2250 donec
1856 2219 1943 2251 ur-

413 2257 492 2308 bis
512 2260 777 2324 potiretur,
819 2261 881 2310 de
904 2279 1109 2313 summa
1147 2279 1323 2312 rerum
1363 2266 1638 2314 consilium
1655 2265 1946 2326 habehant.

411 2326 492 2377 lbi
511 2327 787 2392 Ephialtes,
826 2328 904 2375 vir
935 2331 1095 2379 animi
1117 2331 1446 2395 corporisque
1475 2334 1660 2380 robore
1681 2333 1736 2381 iu
1761 2339 1942 2400 paucIs

415 2395 734 2460 conspicuus,
776 2395 1110 2445 incommoda
1148 2398 1304 2459 longa
1343 2397 1625 2447 obsidionis
1667 2399 1940 2454 disseruit:

412 2461 729 2526 negabatque
751 2463 1208 2526 exspectandum,
1231 2463 1398 2512 donec
1407 2465 1709 2530 paullatim
1731 2471 1940 2519 accisis

414 2525 629 2578 viribus
644 2525 915 2577 ‘exhausti
915 2527 1210 2598 fractique
1233 2547 1352 2580 cum
1376 2532 1504 2599 szsa
1522 2531 1654 2582 urbe
1675 2534 1738 2583 in
1757 2537 1937 2586 victo-
