2084 3009
486 130 805 192 SVPPL.'1N
832 140 898 207 Q.
920 138 1232 193 cvnnvm
1252 142 1312 192 L.
1333 143 1376 194 1.
1595 149 1692 204 387

174 245 392 305 abesset,
410 241 743 292 Macedoniae
761 242 1069 308 praefecerat
1087 261 1192 305 rex,
1225 245 1447 294 misisset
1463 247 1696 308 petitum,

174 329 245 362 ne
268 318 465 359 contra
487 324 757 358 commune
783 309 1054 360 Graeciae
1073 337 1080 344 ·
1096 310 1369 360 decretum
1406 327 1527 359 eum
1556 327 1696 378 pro-

164 377 347 446 fessis
367 374 678 426 Alexandri
702 375 955 426 hostibus
984 376 1218 428 consilia
1248 379 1572 434 miscerent,-
1611 381 1694 427 ni-

170 446 457 496 hilominus
472 444 841 493 Thebanorum
860 455 1086 494 oratores
1107 444 1438 496 admiserunt.
1460 444 1696 510 Cumque

173 515 357 577 vulgus
389 512 615 562 militum
651 511 1003 560 misericordia
1029 525 1430 577 permoveretur,
1449 511 1582 562 -dux
1603 531 1694 562 eo-

170 597 291 633 rum
311 576 543 642 Astylus,
580 575 739 627 Arcas
758 594 958 641 genere,
998 595 1170 628 moras
1190 581 1436 637 nectebat,
1468 596 1572 628 non
1591 591 1694 630 tam

168 647 361 712 incepti
382 645 680 694 difficultate
700 645 920 706 te'rritus,
960 663 1120 711 quam
1149 664 1242 712 per
1270 647 1544 708 avaritiam,
1588 660 1648 697 ut
1665 667 1693 696 a

170 713 527 765 festinantibus
568 723 619 760 et
658 713 949 762 necessitate
988 714 1152 762 anxiis
1181 716 1346 764 maius
1378 713 1692 779 stipendium

168 783 443 848 acciperet.
492 779 692 828 Decem
708 779 895 828 talenta
917 780 1282 846 poscebantur:
1321 800 1378 832 ea
1409 782 1528 830 ciim
1548 781 1692 830 'the--

168 850 287 900 bani
306 865 419 912 non
440 849 761 909 conficerem,
782 864 813 894 a
830 846 1191 898 Macedonicae
1212 849 1440 898 factionis
1459 848 1692 898 homini·

167 919 263 966 bus
285 917 460 964 oblata
482 926 617 976 sunt,
656 925 715 962 ut
734 914 1030 979 quiesceret.
1078 915 1157 964 Ita
1175 913 1240 966 de
1259 915 1522 967 Arcadum
1543 917 1691 965 auxi—

169 985 247 1034 liis
270 979 645 1031 Thebanorum
665 981 781 1046 spes
802 981 855 1028 in
876 979 1097 1032 nihilum
1117 982 1314 1034 recidit.
1353 981 1497 1032 Alias
1517 993 1688 1033 tamen

166 1068 231 1100 ex
245 1049 603 1120 Peloponneso
626 1049 809 1114 copias,
832 1065 895 1098 ne
916 1048 1156 1099 adversus
1171 1049 1374 1100 Thebas
1395 1050 1689 1116 militarent,

163 1117 380 1184 pecunia
400 1115 771 1166 Demosthenes
792 1116 989 1166 avertit.
1007 1115 1242 1182 Namque
1261 1127 1484 1168 trecenta
1504 1119 1688 1167 talenta

168 1204 195 1234 a
231 1185 401 1235 Persis
443 1184 700 1249 accepisse
740 1181 1029 1246 dicebatur,
1070 1185 1184 1248 quis
1227 1185 1294 1235 ad
1331 1183 1688 1236 sacessendum

79 1258 87 1264 ’
136 1263 141 1267 ’
162 1250 465 1302 Alexandro
485 1252 753 1314 negotium
768 1262 1013 1302 uteretur.
1049 1251 1142 1301 His
1161 1253 1228 1300 ita
1247 1254 1504 1314 nuntiatis,
1523 1249 1688 1300 Alex-

169 1319 325 1370 ander
384 1328 586 1384 praeter
625 1312 914 1364 Eordaeam
956 1325 1009 1364 et
1050 1319 1336 1382 Elymiotin
1355 1355 1370 1380 ‚
1431 1333 1687 1384 rupesque

163 1386 316 1456 Stym
355 1386 506 1434 haeas
526 1395 576 1433 et
594 1381 838 1448 Paryaeas
856 1383 991 1448 rapit
1020 1385 1328 1445 exercitum3
1368 1387 1688 1448 septimoque

159 1466 283 1522 post
344 1455 407 1514 ie,
449 1467 607 1517 quam
628 1467 655 1499 a
674 1449 815 1498 Pelio
836 1449 1094 1511 movisset,
1133 1450 1378 1504 Pellenen
1399 1451 1690 1502 Thessaliae

160 1520 425 1588 oppidum
442 1519 688 1584 pervenit.
726 1516 851 1566 Post
870 1528 1074 1574 sextum
1090 1517 1276 1568 deinde
1297 1516 1438 1568 diem
1458 1519 1510 1566 in
1528 1515 1687 1570 Boeo·

158 1591 292 1638 tiam
334 1588 498 1637 venit:
540 1603 667 1635 mox
706 1583 1045 1648 Onchestum,
1087 1603 1178 1636 sex
1214 1587 1413 1636 circiter
1447 1601 1690 1652 passuum

156 1655 403 1706 minibus
444 1669 473 1702 a
508 1653 699 1703 T-bebis
734 1651 1009 1702 distantem
1047 1653 1311 1720 processit.
1389 1652 1530 1703 Inter
1565 1651 1689 1704 haec

156 1721 405 1771 Thebani
424 1722 613 1770 maiore
634 1722 825 1784 animo,
864 1735 1022 1786 quam
1053 1721 1294 1786 consilio,
1323 1720 1686 1770 administratis

159 1788 347 1848 rebus,
388 1789 617 1836 omnium
653 1789 816 1853 ignari
862 1788 1096 1853 agebant,
1133 1787 1357 1838 necdum
1383 1789 1517 1838 intra
1536 1787 1684 1855 Pylas

155 1872 275 1906 esse
299 1853 571 1904 credebant
586 1855 934 1905 Macedonum
952 1856 1154 1924 copiass
1175 1855 1346 1922 ipsum
1367 1873 1488 1906 vero
1509 1873 1684 1918 regem
1705 1908 1712 1915 ,

154 1923 463 1983 adventare,
502 1921 627 1972 adeo
666 1921 827 1971 fidem
864 1923 1146 1989 superabat,
1190 1935 1242 1974 ut
1280 1923 1474 1990 potius
1512 1922 1685 1973 alium

153 1988 545 2039 Alexandrum
563 1989 705 2039 Acro
744 1989 767 2037 i
781 1987 969 2056 filium
989 1990 1261 2038 exercitui
1266 2005 1538 2054 praeesse
1557 2005 1685 2036 con-

154 2056 449 2106 tendevent.
487 2057 624 2116 Rex,
659 2075 687 2105 a
747 2057 925 2106 fanum
943 2055 1072 2106 Iolai
1102 2057 1276 2121 positis
1307 2056 1510 2114 castris,
1542 2057 1682 2120 quod

153 2137 275 2175 ante
296 2122 593 2178 Proetidem
611 2136 816 2189 portam
841 2136 932 2186 est,
949 2123 1289 2189 poenitentiae
1309 2138 1489 2171 eorum
1509 2123 1682 2171 locum

155 2191 281 2240 dare
297 2192 653 2252 constituerat3
674 2208 793 2241 cum
806 2193 898 2253 illi,
926 2191 1188 2256 eruptione
1207 2189 1349 2251 sacta,
1370 2191 1423 2238 in
1442 2191 1683 2240 stationes

154 2257 511 2310 Macedonum
531 2260 731 2319 invecti,
770 2257 1025 2324 quosdam
1063 2257 1382 2318 interficiunt,
1421 2259 1548 2306 alios
1567 2258 1684 2307 loco

153 2327 378 2393 pellunt,
418 2317 589 2376 donec
626 2326 695 2376 ad
724 2327 833 2391 ipsa
865 2327 967 2375 iam
1000 2335 1159 2373 castra
1189 2339 1479 2388 suggressos
1502 2327 1684 2374 emissa

154 2395 291 2458 regis
310 2396 455 2444 iussu
474 2395 601 2444 levis
623 2407 878 2443 armatura
896 2393 1088 2450 reiecit.
1137 2389 1344 2440 Postero
1369 2390 1450 2439 die
1471 2390 1536 2438 ad
1557 2408 1696 2456 por-.

158 2472 253 2522 tas,
275 2463 463 2526 quibus
484 2463 539 2510 in
550 2459 777 2512 Atticam
796 2461 1034 2511 euntibus
1055 2461 1152 2510 iter
1165 2469 1254 2520 est,
1277 2469 1518 2523 promoto
1531 2473 1686 2509 exer-

156 2529 280 2590 citu,
300 2541 362 2578 ut
382 2525 485 2579 suis'
507 2531 561 2578 in
582 2547 695 2578 arce
717 2530 969 2578 conclusis
986 2539 1190 2595 praesto
1213 2537 1357 2587 esset,
1379 2524 1546 2573 adhuc
1563 2542 1685 2576 cun·

162 2597 407 2661 etabatur,
447 2611 512 2660 et,
552 2597 593 2648 si
623 2599 920 2665 poeniteret,
960 2597 1148 2647 erroris
1168 2594 1368 2645 veniam
1388 2595 1685 2645 ostentabat-

1131 2662 1275 2745 Bba

985 2820 997 2828 “
1047 2813 1064 2849 Ι
