2084 3009
593 178 934 234 LIBER
1010 178 1112 234 VI.
1509 179 1606 240 145

65 280 284 335 consilia
308 296 433 331 cum
451 278 566 345 ipso
586 282 801 329 miscere
822 280 1045 345 aggressi
1067 292 1220 345 sunt;
1267 292 1316 331 et
1335 294 1446 349 post
1483 300 1605 334 uam

66 353 150 402 ille
170 366 362 399 rerum
393 351 649 403 laetarum
680 346 821 396 initia
852 348 1207 415 intempestiva
1245 361 1411 400 morte
1481 353 1604 407 esti·-

68 420 185 479 tuit,
224 416 400 465 nihilo
423 415 685 463 remissius
709 416 937 477 agebant.
1005 414 1112 465 Sed
1133 416 1198 465 ad
1216 414 1601 469 Pharnabazum

72 496 118 534 et
132 481 571 549 Autophradaten
590 483 847 547 profectus
866 478 989 545 Agis
1004 520 1018 545 ,
1081 485 1285 549 triginta
1301 490 1362 533 'ar
1399 487 1501 535 enti
1519 497 1601 533 ta-

69 551 199 602 lenta
217 588 233 613 ,
276 550 568 613 decemque
588 549 821 597 triremes
843 549 1156 613 impetravit,
1206 568 1330 616 quas
1411 552 1600 615 gesilao

68 620 207 667 fratri
227 618 400 677 misit,
420 627 481 664 ut
496 614 559 663 in‘
572 614 777 663 Cretam
798 617 1080 681 navigaret,
1104 620 1246 667 mlius
1269 618 1463 668 insulae
1485 620 1598 667 cul-'

67 697 198 735 tores
232 684 381 733 inter
400 681 833 731 Lacedaemonios
854 695 905 731 et
922 682 1230 735 Macedonas
1252 684 1466 734 diversis
1488 695 1599 735 stu-

68 752 159 801 diis
180 750 628 801 distrahebantur.
714 748 889 813 Legati
911 768 1116 817 quoque
1138 751 1203 801 ad
1221 752 1436 801 Darium
1455 752 1597 801 missi

64 830 197 879 sunt,
220 818 325 885 qui
344 818 399 865 in
418 834 571 865 usum
590 816 715 865 belli
735 817 1045 881 ampliorem
1063 818 1169 866 vim
1187 820 1430 884 pecuniae
1443 820 1600 887 [plu-

66 902 249 951 resque
270 901 433 933 naves
453 894 701 949 peterent.
754 877 927 948 Atque
945 881 1072 932 haec
1091 902 1274 933 eorum
1294 897 1471 951 coepta
1491 888 1598 935 cla÷

64 952 149 1002 des
170 952 241 1003 ad
262 952 443 1004 Issum
478 948 639 1015 (nam
660 968 717 999 ea
740 952 1080 999 intervenerat
1101 952 1118 1015 )
1161 950 1288 1000 adeo
1311 968 1418 1000 non
1437 952 1599 1001 inter-

59 1020 279 1085 pellavit
292 1054 310 1079 ,
342 1030 404 1066 ut
424 1019 577 1067 etiam
598 1016 861 1066 adiuverit.
930 1017 1138 1085 Quippe
1159 1018 1442 1083 fugientem
1459 1019 1599 1068 inss-

62 1098 208 1135 cutus
242 1083 549 1135 Alexander
585 1086 638 1133 in
668 1084 948 1148 longinqua
980 1086 1092 1134 loca
1131 1087 1294 1150 magis
1331 1086 1599 1152 magisque

60 1154 395 1219 rapiebatur3
440 1163 505 1207 ,et
528 1168 588 1199 ex
606 1152 718 1217 ipso
739 1152 937 1217 proelio
958 1154 1397 1202 mercenariorum
1416 1155 1596 1218 ingens

58 1219 355 1272 multitudo
397 1219 453 1267 in
494 1218 763 1267 Graeciam
802 1220 919 1282 suga
957 1232 1329 1283 penetraverat:
1373 1237 1597 1285 quorum

60 1300 174 1339 octo
195 1287 379 1337 millia
398 1284 598 1334 Persica
616 1286 831 1350 pecunia
852 1286 1102 1335 conduxit
1124 1284 1274 1349 Agis,
1315 1301 1597 1351 eorumque
1665 1344 1683 1351 „

60 1372 215 1420 opera
238 1355 519 1419 plerasque
541 1350 865 1401 Cretensium
885 1352 1038 1399 urbes
1059 1349 1272 1416 recepit.
1304 1350 1440 1401 Cum
1453 1352 1598 1400 dein-

60 1439 175 1489 ceps
196 1422 423 1479 Menon,
467 1418 521 1467 in
543 1418 817 1468 Thraciam
838 1418 901 1466 ab
922 1415 1219 1466 Alexandro
1238 1418 1440 1478 missus,
1473 1418 1598 1467 bar-

61 1486 212 1539 baros
238 1486 312 1545 ad
333 1484 675 1535 desectionem
694 1486 1006 1550 impulisset,
1053 1482 1218 1548 adque
1239 1500 1353 1533 eam
1373 1483 1598 1549 compri-

60 1554 323 1605 mendam
343 1550 613 1617 Antipater
634 1552 913 1601 exercitum
940 1568 1003 1599 ex
1028 1546 1332 1600 Macedonia
1351 1550 1406 1600 in
1425 1550 1596 1600 Thra-

61 1626 197 1673 ciam
219 1620 481 1679 duxisset,
504 1619 883 1685 opportunitate
903 1618 1148 1685 temporis
1169 1631 1372 1669 strenue
1391 1620 1472 1667 usi
1491 1618 1598 1667 La·-

63 1686 397 1747 cedaemonii
415 1697 579 1735 totam
596 1682 1035 1751 Peloponnesum,
1071 1687 1244 1751 paucis
1265 1686 1479 1735 urbibus
1502 1700 1595 1735 ex-

62 1759 243 1825 ceptis,
265 1756 319 1805 in
339 1765 510 1819 partes
530 1764 806 1813 traxerunt,
828 1753 1162 1818 confectoque
1183 1754 1406 1803 exercitu
1425 1754 1594 1817 vigin-

60 1827 97 1873 ti
117 1824 361 1874 millium
378 1818 638 1885 peditum,
698 1835 817 1867 cum
838 1819 1090 1884 equitibus
1112 1821 1188 1871 bis
1209 1820 1356 1869 mille
1369 1856 1384 1882 ,
1440 1816 1592 1883 Agidi

62 1906 335 1939 summam
355 1887 559 1951 imperii
572 1884 881 1935 detulerunt.
916 1884 1183 1953 Antipater
1203 1906 1260 1937 ea
1279 1904 1332 1935 re
1355 1903 1593 1950 comper-

60 1971 108 2007 ta
145 1958 363 2009 bellum
403 1954 457 2001 in
481 1953 697 2001 Thracia
711 1989 725 2013 ,
766 1954 951 2017 quibus
992 1967 1160 2018 potest
1189 1952 1586 2010 conditionibus,

62 2022 369 2089 componit3
388 2020 676 2087 raptimque
696 2020 749 2069 in
770 2020 1040 2070 Graeciam
1059 2035 1317 2084 regressus
1335 2055 1349 2079 ‚
1369 2018 1434 2067 ab
1454 2018 1590 2066 ami-

62 2093 129 2141 cis
164 2090 429 2152 sociisque
456 2086 741 2135 civitatibus
774 2087 961 2135 auxilia
996 2086 1148 2151 cogit.
1236 2084 1438 2148 Quibus
1459 2102 1590 2132 eon-

64 2157 407 2217 venientibus,
424 2153 488 2203 ad
506 2152 839 2217 quadraginta
858 2165 1202 2221 pugnatorum
1223 2152 1386 2199 millia
1405 2168 1588 2200 recen-

65 2226 180 2275 suit.
248 2220 549 2273 Advenerat
568 2232 616 2267 et
637 2238 699 2269 ex
709 2218 1064 2285 Peloponneso
1083 2217 1249 2268 valida
1269 2234 1476 2287 manus:
1498 2216 1588 2267 sed

19 2326 21 2333 .
65 2292 185 2355 quia
217 2290 439 2339 dubiam
476 2288 711 2353 ipsorum
747 2286 903 2336 fidem
918 2313 924 2315 -
941 2286 1236 2347 resciverat,
1273 2284 1588 2342 dissimulata

62 2356 369 2424 suspicione,
382 2356 564 2419 gratias
588 2356 717 2419 egit,
776 2352 921 2422 quod
939 2352 1018 2402 ad
1049 2350 1450 2420 defendendam
1477 2352 1586 2405 acl-

59 2440 265 2475 versus
284 2420 751 2472 Lacedaemonios
770 2419 1081 2469 Alexandri
1111 2418 1447 2488 dignitatem
1481 2420 1587 2469 ad-

57 2487 308 2559 fuissent
320 2508 338 2539 .·
369 2488 699 2555 scripturum
716 2504 775 2539 se
797 2486 860 2535 id
877 2487 1017 2557 regi,
1087 2488 1291 2537 ratiam
1309 2488 1368 2538 in
1385 2496 1586 2553 tempo·

63 2574 125 2607 re
140 2543 423 2607 relativo.
525 2557 599 2605 In
606 2570 880 2621 praesens
910 2503 1200 2621 nillilgopus
1223 2571 1344 2604 esse
1363 2552 1588 2618 τηᾰίονς·

67 2622 177 2674 bus·
201 2622 377 2690 copiis
390 2641 407 2671 .·
430 2622 621 2691 itaque
637 2621 824 2671 domos
845 2621 1108 2684 redirent,
1111 2620 1373 2686 foederis
1393 2619 1582 2667 nece-i·-

138 2690 406 2745 Cvnrxvs,
1119 2687 1172 2735 K
