2084 3009
308 107 419 172 164
676 173 683 179 ,
834 105 905 171 ρ.
969 103 1300 157 cvn'ru

304 226 489 263 :anem
506 205 907 275 opprimendum
925 209 1175 274 praeverti
1196 207 1454 273 optimum
1473 218 1608 257 ratus
1623 244 1636 271 ,
1655 210 1839 262 levem

305 289 616 330 armaturam
636 288 685 325 et
703 289 959 339 equestres
982 276 1152 341 copias
1183 274 1378 336 educit,
1435 286 1644 341 totaque
1675 290 1844 329 nocte

306 356 508 397 strenue
544 345 677 393 facto
726 341 904 393 itinere
919 379 934 404 ‚
988 343 1296 407 improvisus
1343 341 1476 391 hosti
1494 340 1846 410 fsupervenit.

306 412 467 470 Cuius
490 412 695 476 cognito
731 410 950 470 adventu
981 409 1333 459 Satibarzanes
1369 426 1490 457 cum
1519 413 1577 458 11'
1596 412 1843 462 millibus

308 482 543 547 equitum
577 478 704 543 (nec
734 479 871 527 enim
900 479 1074 542 pl‘ures
1107 477 1274 525 subito
1302 477 1534 531 contrahi
1567 479 1842 545 poterant)

306 549 483 597 Bactra
504 546 743 613 perfugit,
767 547 919 593 ceteri
940 546 1204 609 proximos
1214 556 1416 593 montes
1433 560 1842 615 occupaverunt.

306 610 588 680 Praerupta
606 630 757 678 rupes
780 623 909 673 erat,
932 629 1032 676 qua
1053 622 1242 679 spectat
1263 610 1628 660 Occidentem:
1650 613 1844 663 eadem.

307 702 409 751 qua
442 682 606 745 vergit
640 680 705 729 ad
740 678 1007 727 Orientem
1061 679 1256 727 leniore
1302 678 1557 728 submissa
1609 680 1838 744 fastigio,

304 750 485 802 multis
506 748 774 796 arboribus
797 747 988 808 ob'sita,
1025 762 1306 812 perennem
1332 742 1484 795 habet
1505 747 1735 808 fontem,
1777 766 1841 798 ex

306 835 409 885 quo
429 818 598 879 largae
620 832 777 879 aquae
799 824 1023 862 manant.
1095 810 1405 861 Circumitus
1437 816 1544 862 eius
1578 829 1700 861 xxx
1723 827 1778 863 et
1796 830 1844 863 11

304 884 468 937 stadia
502 879 913 949 comprehendit.
1005 880 1066 927 In
1100 880 1284 929 vertice
1319 879 1562 930 herbidus
1599 898 1838 947 campus.

305 954 381 1003 In
412 950 511 1000 hoc
547 947 953 999 multitudinem
986 944 1258 995 imbellem
1291 948 1578 997 considere
1614 950 1840 1000 iubent:

305 1021 431 1085 ipsi,
468 1036 565 1083 qua
585 1034 738 1080 rupes
761 1028 892 1076 erat,
928 1015 1176 1063 arborum
1195 1025 1403 1063 truncos
1430 1027 1478 1064 et
1499 1032 1619 1065 saxa
1641 1017 1842 1065 obmo-

304 1090 519 1137 liuutur.
587 1098 695 1129 xut
730 1084 897 1149 millia
927 1092 1122 1129 armata
1153 1094 1310 1129 erant.
1376 1082 1438 1130 In
1465 1082 1661 1132 horum
1691 1084 1846 1135 obsi-

306 1154 459 1203 dione
479 1150 687 1199 Cratero
710 1150 905 1209 relicto,
928 1150 1035 1213 ipse
1053 1148 1435 1197 Satibarzanem
1451 1152 1593 1213 sequi
1614 1152 1846 1203 festinat.

304 1222 375 1271 Et
393 1220 511 1286 quia
531 1216 731 1281 longius
756 1214 877 1265 euin
896 1216 1070 1265 abesse
1091 1226 1426 1279 cognoveram
1447 1213 1514 1266 ad
1531 1234 1844 1283 expugnan-

307 1288 401 1338 dos
424 1304 535 1348 eos,
557 1285 649 1349 qui
671 1283 803 1333 edita
824 1284 1087 1337 montium
1108 1296 1500 1347 occupaverant,
1536 1284 1690 1334 redit.
1761 1286 1846 1335 Ac

306 1358 479 1423 primo
504 1350 804 1421 repurgari
820 1348 988 1408 i'ubet',
1026 1349 1844 1420 quidquid-ingredipossenu

308 1422 493 1471 deinde
506 1459 519 1483 ‚
540 1432 597 1469 ut
618 1420 953 1469 occurrebant
971 1420 1135 1467 inviae
1158 1429 1293 1465 cotes
1315 1432 1720 1486 praeruptaeque
1741 1438 1844 1471 ru-

305 1506 415 1556 pes,
451 1489 624 1537 irritus
644 1487 795 1534 labor
812 1486 1080 1535 videbatur
1105 1485 1338 1534 obstante
1360 1498 1558 1536 natura.
1625 1486 1744 1550 Ille,
1779 1500 1846 1538 ut

309 1568 417 1605 erat
436 1556 595 1603 animi
614 1569 817 1617 semper
848 1553 1159 1601 obluctantis
1181 1550 1564 1603 difficultatibus
1578 1591 1592 1618 ,
1641 1572 1768 1603 cum
1787 1566 1844 1605 et

305 1621 551 1689 progredi
571 1619 791 1669 arduum
804 1626 893 1680 {et
910 1620 1094 1669 reverti
1109 1615 1470 1685 ‘periculosum
1489 1633 1632 1686 esset,
1655 1640 1844 1672 versa-

306 1690 398 1739 hat
418 1707 471 1737 se
494 1688 557 1736 ad
579 1704 757 1736 omnes
780 1687 1125 1751 cogitationes,
1145 1686 1286 1735 aliud
1306 1694 1457 1753 atque
1479 1688 1648 1751 aliud,
1689 1691 1760 1738 ita
1779 1703 1844 1740 ut

306 1759 417 1807 fieri
440 1758 569 1805 solet
588 1754 679 1803 ubi
698 1755 864 1819 prima
882 1770 1112 1819 quaeque
1145 1753 1478 1818 damnamus,
1532 1758 1845 1806 subiiciente

308 1826 498 1876 animo,
566 1822 871 1882 Haesitanti‚
928 1820 1072 1886 quod
1100 1822 1230 1871 ratio
1251 1840 1356 1871 non
1375 1825 1568 1891 potuit,
1625 1825 1858 1873 fortunas

306 1893 585 1941 consilium
604 1889 1026 1941 subministravit.
1091 1916 1096 1922 ·
1127 1887 1416 1939 Vehemens
1436 1890 1688 1942 Favonius
1711 1902 1854 1955 erat,.

302 1971 356 2008 et
374 1962 595 2009 multam
614 1956 885 2007 materiam
906 1954 1154 2006 ceciderat
1172 1957 1320 2005 miles
1333 1994 1347 2019 ,
1379 1957 1578 2007 aditum
1598 1976 1694 2023 per
1713 1976 1842 2007 saxa

303 2028 537 2077 molitus.
622 2026 760 2075 Haec
778 2042 965 2091 vapore
986 2023 1184 2074 torrida
1204 2024 1473 2075 inaruerat.
1558 2025 1705 2089 Ergo
1723 2026 1844 2075 ad-

300 2094 434 2164 geri
463 2093 611 2143 alias·
629 2093 860 2143 arbores
891 2094 1064 2149 iubet,
1105 2100 1180 2139 -et
1209 2090 1335 2161 igni
1369 2090 1501 2141 dari
1528 2092 1840 2143 alimenta:

305 2160 635 2225 celeriterque
658 2162 911 2226 stipitibus
943 2160 1212 2209 cumulatis
1243 2160 1500 2224 fastigium
1519 2162 1843 2211 montisae-

300 2240 517 2295 quatum
536 2240 627 2277 est.
662 2229 811 2277 Tunc
832 2228 1060 2293 undique
1087 2228 1217 2291 ignis
1239 2228 1450 2277 iniectus
1473 2240 1654 2277 cuncta
1677 2228 1840 2281 com-

297 2295 585 2361 prehendit.
648 2296 951 2345 Flammam
964 2296 1017 2343 iu
1040 2312 1129 2343 ora
1148 2294 1376 2344 hostium
1390 2306 1578 2345 ventus
1593 2295 1800 2347 ferebat
1813 2312 1834 2353 ·‚

297 2363 471 2411 sumus
500 2364 677 2427 ingens
706 2364 849 2412 velut
887 2362 1112 2427 quadam
1147 2362 1286 2412 nube
1323 2362 1662 2413 absconderat
1702 2376 1835 2413 coe·-

298 2428 429 2477 lum.
466 2428 729 2480 Sonabant
742 2430 975 2478 incendio
998 2430 1174 2491 silvae3
1196 2442 1344 2497 atque
1368 2446 1424 2477 ea
1446 2446 1670 2497 quoq-ue,
1693 2445 1844 2495 quaa-

298 2510 404 2541 non
425 2497 719 2547 incenderat
738 2498 903 2559 miles,
925 2508 1171 2563 concepto
1193 2500 1307 2561 igne
1326 2498 1562 2562 proxima
1588 2510 1830 2563 quaeque

299 2557 595 2615 adurebant.
662 2564 871 2615 Barbari
907 2565 1283 2630 suppliciorum
1321 2565 1592 2630 ultimum,
1631 2566 1679 2614 si
1721 2580 1830 2629 qua
