2084 3009
338 189 350 194 -
415 147 646 212 stPL.
682 121 761 207 iN
794 157 861 223 Q.
898 153 1216 238 cvR'sIVM
1247 156 1310 206 L.
1345 155 1412 206 11.
1566 159 1670 218 429
1745 142 1747 144 ’

142 255 341 328 oppido
360 259 543 322 globus
564 257 797 308 hostium
818 257 1113 308 effunditur.
1167 254 1255 308 Illi
1285 259 1486 310 firmato
1509 260 1671 326 gradu

142 340 402 377 certamen
427 337 720 386 conserunt,
759 327 971 391 propius
992 327 1307 376 incurrentes
1330 326 1507 390 gladiis
1531 328 1671 376 exci-

141 397 327 461 piunt,
363 392 752 443 in·recedentes
792 394 895 441 tela
936 394 1228 442 coniiciunt.
1285 393 1390 447 Sed
1429 394 1668 444 adversus

137 463 350 532 multos,
370 471 423 509 et
445 477 506 510 ex
527 461 787 524 superiore
809 462 926 509 loco
953 461 1270 521 dimicantes,
1294 460 1431 510 haud
1453 461 1542 509 diu
1562 462 1669 509 im·-

136 531 317 597 punita
340 527 563 577 duorum
585 527 791 576 audacia
812 527 1134 588 fuisset3-nisi
1147 540 1414 593 conspecto
1437 530 1670 593 ipsorum

136 597 385 664 pericuIO,
429 596 846 644 commilitonum
878 597 1026 660 pauci
1047 597 1233 660 primo,
1274 587 1458 662 d'einde
1481 596 1564 644 alii
1586 607 1669 644 at-

136 682 238 730 que
278 664 365 712 'alii
404 662 755 711 laborantibus
798 662 1176 712 subvenissent:
1221 663 1408 712 eodem
1435 661 1595 711 modo
1618 673 1670 712 et

136 729 412 796 oppidanis
452 729 671 777 subinde
697 729 763 776 ad
800 731 992 791 locum,
1035 731 1128 778 ubi
1157 731 1494 794 pugnabatur,
1535 746 1667 781 cou-

132 797 431 848 fluentibus.
482 794 561 844 Ita
580 813 718 844 nunc
736 795 829 857 his,
850 813 989 846 nunc
1016 798 1118 846 illis
1137 798 1324 846 robore
1344 811 1668 860 numeroque

134 864 503 929 superioribus,
541 865 677 912 varie
716 863 1005 928 pugnatum
1042 875 1141 915 est:
1181 863 1346 912 donee
1366 857 1666 913 Alexhuder

134 948 260 980 cum
279 947 455 992 manu,
476 947 605 994 quae
627 931 758 978 circa
780 932 951 997 ipsum
974 943 1096 992 erat,
1118 947 1433 997 progressus,
1464 942 1669 979 metum

134 999 374 1048 hostibus
404 999 627 1058 incussit,
670 997 944 1062 statimque
984 1000 1117 1046 intra
1156 998 1477 1046 munimenta
1517 1015 1670 1046 com-

135 1066 277 1132 pulsi
300 1075 443 1118 sunt:
465 1082 559 1112 nec
576 1066 806 1112 multum
826 1065 1003 1127 abfuit,
1044 1066 1171 1128 quin
1201 1065 1371 1114 hostes
1405 1066 1560 1114 simul
1592 1066 1670 1113 ir-

135 1142 460 1197 rumperent.
514 1131 670 1180 Forte
691 1133 834 1180 enim
851 1132 1062 1180 intentis
1085 1132 1325 1180 omnibus
1345 1133 1398 1180 in
1425 1150 1497 1194 ea,
1538 1148 1669 1197 quae

136 1211 253 1248 ante
285 1199 473 1248 urbem
509 1199 842 1262 gerebantur,
880 1199 1088 1248 moenia
1121 1199 1441 1262 negligenter
1479 1200 1669 1248 servari

137 1268 447 1330 contigerat:
487 1277 537 1314 et
566 1265 697 1314 duae
728 1277 894 1314 turres
928 1281 1049 1314 cum
1080 1267 1364 1315 continenti
1390 1283 1670 1316 murorum

134 1344 281 1399 parte
305 1333 491 1382 crebris
514 1333 733 1382 arietum
752 1332 935 1381 ictibus
966 1345 1249 1392 cesserant3
1269 1334 1417 1381 tertia
1447 1350 1666 1398 quoque,

132 1401 307 1450 laxata
329 1401 431 1448 iam
452 1411 501 1448 et
522 1417 767 1448 concussa
790 1415 1058 1464 compage,
1085 1394 1414 1448 lfodientibus
1446 1399 1584 1447 haud
1613 1401 1671 1450 in

134 1468 360 1530 longum
380 1469 611 1516 resistere
632 1467 899 1533 potuisset.
968 1465 1040 1515 At
1061 1466 1176 1532 quia
1198 1467 1595 1515 tumultuarium
1613 1463 1670 1516 id

134 1535 417 1601 proelium,
436 1551 603 1598 neque
624 1535 889 1582 universus
910 1535 1162 1583 exercitus
1182 1534 1458 1582 instructus
1482 1534 1667 1592 fuerat,

136 1600 495 1666 opportunitas
515 1601 621 1649 eius
636 1602 710 1649 rei
731 1616 758 1647 e
771 1601 1008 1650 manibus
1021 1603 1206 1650 amissa
1228 1612 1322 1650 est.
1354 1597 1666 1661 Alexander,

137 1684 458 1733 quemquam
492 1685 550 1716 ea
580 1685 661 1716 res
703 1669 947 1732 opinione
988 1667 1312 1717 Graecorum
1350 1668 1415 1716 de
1455 1669 1667 1718 victoria

137 1735 468 1786 concedentis
489 1733 763 1795 videretur,
792 1751 1009 1800 corpora
1033 1753 1274 1795 suorum,
1317 1736 1404 1800 qui
1423 1735 1519 1784 sub
1539 1735 1664 1800 ipsis

137 1803 418 1852 moenibus
461 1802 794 1865 oppetierant,
833 1801 1052 1850 induciis
1097 1803 1364 1867 postulatis
1403 1784 1468 1852 {b
1517 1800 1666 1850 hoste

135 1881 389 1935 repetere,
430 1885 589 1933 quam
608 1868 870 1918 inhumata
890 1867 1167 1931 dimittere,
1200 1870 1403 1926 maluit.
1470 1866 1543 1918 At
1577 1869 1670 1934 qui·

135 1953 259 1985 cum
279 1935 446 1984 Persis
468 1947 625 1997 erant,
654 1936 913 2002 Ephialtes
934 1947 986 1985 et
1004 1935 1360 2002 Thrasybulus
1380 1935 1668 1986 Athenien-

137 2019 239 2063 ses,
262 2019 383 2050 cum
400 2005 517 2068 plus
538 2003 677 2067 apud
705 2005 843 2068 ipsos
865 2003 1043 2053 odium
1065 2003 1308 2051 adversus
1331 2002 1665 2062 Macedonas,

213 2085 301 2118 am
318 2069 647 2118 humanitatis
667 2071 815 2130 ratio,
853 2072 1064 2130 valeret,
1087 2069 1340 2133 negabant
1361 2066 1664 2138 indulgen-

136 2087 277 2188 gltlcm
298 2135 397 2186 hoc
422 2153 545 2186 esse
576 2133 959 2200 infestissimis
976 2135 1258 2185 hostibus.
1327 2137 1450 2185 Non
1490 2148 1664 2184 tamen

132 2215 506 2272 permoverunt
525 2204 882 2265 Memnonem,
909 2200 1034 2269 quin
1062 2204 1398 2252 Graecorum
1422 2201 1664 2252 moribus

134 2267 428 2338 indignum
446 2287 564 2320 esse
586 2271 792 2332 diceret,
832 2269 1176 2336 sepulturam
1204 2269 1456 2320 invidere
1481 2270 1665 2319 caesis

132 2335 408 2390 hostibus.
474 2337 661 2386 Armis
693 2346 751 2387 et
782 2337 1001 2388 viribus
1032 2337 1093 2386 in
1122 2337 1392 2387 adversos
1421 2347 1479 2387 et
1509 2336 1661 2386 obsi-

132 2413 351 2456 stentes
373 2404 667 2454 utendum:
710 2421 890 2473 neque
922 2402 1268 2455 contumeliis·
1292 2404 1663 2474 pugnandum

132 2475 193 2523 in
206 2489 327 2534 eos,
368 2489 503 2541 quos
536 2471 693 2522 bonis
723 2471 987 2539 malisque
1016 2471 1229 2522 nostris
1261 2489 1365 2521 sua
1388 2471 1508 2521 dies·
1529 2488 1662 2520 exe-

132 2541 347 2591 misset.
402 2539 536 2588 Sane
558 2552 757 2604 praeter
777 2541 899 2588 alias
919 2540 1213 2590 Memnonis
1233 2540 1460 2601 virtutes,
1503 2539 1660 2587 etiam

135 2606 421 2660 moderatio
443 2608 551 2656 eius
574 2607 785 2672 insignis
806 2607 919 2657 fuit.
990 2607 1172 2673 Neque
1205 2607 1346 2656 enim
1362 2623 1458 2672 per
1474 2621 1654 2657 vecor-
