2084 3009
445 179 623 242 ma,
974 127 1445 236 o.cvRT11

443 281 591 326 certe
611 269 844 342 rupistis
864 268 1165 339 imperium,
1197 279 1256 320 et
1263 267 1518 338 precario
1547 283 1649 320 reae
1681 283 1841 327 sum,-
1885 273 1969 319 cui

445 360 556 400 non
574 339 905 412 alloquendi,
945 355 1054 388 non
1073 338 1337 402 noscendi
1357 337 1734 404 monendique,
1771 343 1874 384 aut
1894 335 1973 386 in-

444 410 642 461 tuendi
677 426 776 460 vos
796 409 883 458 ius
912 403 1235 475 reliquistis.
1301 403 1568 473 Equidem
1587 420 1710 452 cum
1729 399 1870 452 alios
1894 402 1968 452 di-

444 479 657 530 mittere
679 476 739 526 in
748 476 1017 543 patriam,
1040 473 1180 524 alios
1201 489 1405 522 meeum
1414 469 1610 538 paullo
1623 478 1756 538 post
1774 469 1970 536 depor-

446 554 571 594 tane
609 542 903 594 statuerim
912 562 939 601 ,·
977 550 1096 592 tam
1115 539 1240 592 illos
1259 537 1632 589 acclamantes
1651 535 1832 594 video,
1875 553 1969 608 qui

444 611 659 663 abituri
690 618 845 668 sunt,
884 625 1053 689 quam
1089 607 1207 667 hos,
1247 623 1370 656 cum
1407 604 1607 675 quibus
1627 604 1968 671 praemissos

445 677 705 746 subsequi
722 686 917 728 statui.
969 676 1116 744 Quid
1133 675 1234 724 hoc
1255 683 1341 724 est
1360 672 1487 724 rei?
1517 672 1735 740 dispari
1753 671 1813 722 in
1833 688 1968 720 cau-

445 762 514 796 sa
556 746 701 795 idem
738 743 975 794 omnium
1019 743 1225 793 elamor
1283 741 1406 791 est!
1489 738 1766 790 Pervelim
1803 739 1967 792 scire.

444 821 625 864 utrum
643 810 741 880 qui
757 811 1070 869 discedunt,
1092 827 1168 860 an
1187 808 1282 877 qui
1299 806 1632 866 retinentur,
1651 806 1718 855 de
1737 824 1818 856 me
1840 823 1970 875 que·

444 887 663 930 rantur.
730 877 979 928 Crederes
1012 895 1120 927 uuo
1152 895 1240 926 ore
1273 892 1454 926 omues
1484 875 1749 926 sustulisse
1770 875 1970 923 clamo—

387 995 393 1002 ,
445 963 587 1008 rem3
644 948 714 998 ita
752 947 942 1012 pariter
979 964 1048 996 ex
1084 955 1189 994 tota
1225 943 1473 992 concione
1520 957 1830 1007 responsum
1880 951 1972 1002 est,

444 1030 631 1064 omnes
652 1013 843 1081 queri.·
895 1013 1039 1062 Tum
1058 1014 1162 1071 ine,
1201 1026 1311 1060 non
1329 1005 1561 1072 hercule,
1581 1007 1765 1075 inquit,
1775 1007 1970 1076 potest

444 1080 583 1143 fieri,
624 1089 687 1130 ut
724 1079 995 1139 adducar,
1034 1077 1308 1146 querendi
1339 1074 1509 1126 simul
1548 1074 1797 1126 omnibus
1826 1074 1970 1125 hanc

442 1163 669 1196 causam
690 1163 829 1204 esse,
850 1160 1015 1212 quam
1030 1141 1332 1196 ,ostenditis
1344 1160 1368 1199 ‚·
1408 1141 1466 1192 in
1499 1159 1612 1212 qua
1639 1143 1815 1192 maior
1825 1157 1970 1208 pars

441 1211 728 1263 exercitus
766 1227 877 1262 non
916 1219 1022 1272 est,
1057 1219 1250 1277 utpote
1272 1207 1390 1260 cum
1417 1207 1614 1276 plures
1654 1209 1970 1270 dimiserim,

480 1296 607 1330 uam
626 1287 944 1328 retenturus
966 1295 1104 1329 sum.
1160 1276 1366 1328 Subest
1383 1275 1640 1328 nimirum
1661 1275 1840 1327 altius
1859 1292 1972 1326 ma·

444 1297 573 1408 qum,
596 1345 745 1417 quod
766 1348 953 1396 omnes
974 1345 1187 1408 avertit
1208 1361 1246 1394 a
1267 1363 1368 1394 me.
1427 1399 1432 1402 ,
1460 1342 1692 1412 Quando
1714 1345 1864 1395 enim
1879 1360 1972 1394 re-

442 1433 571 1488 gem
590 1414 875 1466 universus
892 1413 1174 1464 exercitus
1195 1412 1440 1462 deseruit
1453 1409 1484 1460 P
1571 1412 1656 1461 Ne
1677 1411 1829 1463 servi
1848 1411 1977 1480 qui-

446 1485 571 1534 dem
593 1499 701 1532 uno
767 1498 901 1550 rege
956 1479 1258 1550 refugiunt
1277 1478 1519 1530 dominos
1527 1477 1694 1536 fsed
1732 1487 1824 1528 est
1853 1479 1975 1548 qui-

446 1550 574 1600 rlam
592 1549 653 1598 in
672 1551 695 1598 i
734 1550 784 1597 is
794 1497 981 1614 pudb'r
1001 1565 1038 1596 a
1059 1548 1261 1597 ceteris
1282 1546 1582 1596 destitutos
1602 1544 1976 1615 relinquendi.

449 1618 651 1666 Verum
686 1631 792 1684 ego
826 1624 944 1664 tam
961 1613 1228 1678 furiosae
1258 1611 1729 1674 consternationis
1749 1611 1974 1674 oblitus,

443 1683 693 1741 remedia
728 1679 1136 1732 insanabilibus
1173 1695 1341 1731 eonor
1380 1678 1664 1730 adhibere.
1751 1681 1973 1732 Omnem

443 1747 662 1798 hercule
682 1765 851 1814 spem,
882 1765 1043 1816 quam
1064 1765 1134 1798 ex
1154 1745 1304 1798 vobis
1341 1762 1715 1813 conceperam,
1738 1746 1941 1798 damno
1949 1767 1972 1808 ,-

444 1829 546 1863 nee
584 1823 650 1862 ut
689 1832 808 1862 cum
846 1813 1114 1866 militibus
1133 1815 1284 1876 meis,
1315 1815 1426 1864 iam
1445 1814 1586 1864 enim
1607 1831 1730 1864 esse
1750 1813 1970 1867 destiti-

444 1880 569 1942 stis,
606 1879 711 1930 sed
748 1887 813 1928 ut
838 1897 956 1929 cum
994 1881 1406 1948 ingratissimis
1427 1881 1630 1948 operis,
1670 1875 1853 1951 agere
1885 1882 1968 1931 de·

444 1947 613 1998 crevi.
628 1952 641 1958 “
680 1946 952 1998 Secundis
972 1947 1157 2010 rebus,
1179 1964 1322 2016 quae
1344 1949 1725 2013 circumfluunt
1741 1966 1865 2010 vos,
1885 1949 1971 2000 in·-

446 2016 635 2065 sanire
656 2015 917 2081 coepistis
926 2033 951 2072 ;
970 2013 1129 2064 obliti
1147 2023 1334 2067 status
1355 2015 1477 2066 eius
1489 2051 1505 2074 ,
1527 2033 1686 2084 quem
1706 2013 1970 2082 beneficio

364 2111 369 2114 -
446 2082 683 2133 exuistis
702 2099 837 2132 meo.
871 2081 1049 2151 Digni
1063 2079 1302 2142 hercule,
1343 2082 1444 2151 qui
1478 2082 1540 2132 in
1568 2083 1758 2133 eodem
1779 2099 1973 2134 conse-

444 2150 686 2198 nescatis
696 2167 723 2204 ;
762 2150 1019 2216 quoniam
1062 2148 1305 2218 facilius
1343 2157 1432 2200 est
1465 2148 1622 2200 vobis
1661 2148 1976 2208 adversam,

487 2229 614 2262 uam
631 2214 945 2272 secundam,
958 2217 1479 2282 regeresortunam.
1499 2217 1586 2264 En
1607 2215 1873 2268 tandem!
1891 2215 1975 2266 11-

456 2278 709 2347 yriorum
721 2279 921 2345 paullo
933 2290 1068 2330 ante
1091 2283 1460 2331 etPersarum
1479 2279 1802 2333 tributariis
1812 2283 1975 2340 Asia,

446 2355 503 2397 et
538 2353 623 2396 tot
654 2346 913 2414 gentium
947 2345 1131 2414 spolia
1154 2347 1405 2415 fastidio
1440 2357 1591 2398 sunt.
1661 2350 1833 2400 Modo
1871 2351 1975 2402 sub

446 2411 699 2481 Philippo
718 2413 1035 2475 seminudis,
1076 2414 1318 2465 amicula
1339 2431 1408 2463 ex
1432 2430 1690 2483 purpura
1708 2416 1944 2469 sordent
1955 2437 1980 2478 ,-

447 2495 643 2532 aurum
655 2488 713 2530 et
757 2497 827 2534 ar
870 2489 1054 2530 entum
1067 2480 1211 2532 oculi
1210 2478 1374 2548 serre
1385 2498 1495 2534 non
1501 2491 1738 2550 possunt
1747 2506 1773 2544 ,·
1785 2483 1980 2554 lignea

445 2546 589 2596 enim
626 2564 769 2598 vasa
846 2545 1146 2610 esiderant,
1185 2557 1244 2600 et
1279 2567 1350 2601 ex
1371 2549 1848 2616 cratibusxscuta,
1879 2570 1980 2604 ru·-

448 2608 797 2681 braememque
828 2611 1170 2683 gladiorum.
1258 2619 1380 2669 Hoc
1419 2615 1570 2670 cultu
1608 2619 1862 2672 nitentes
1881 2637 1979 2672 vos
