2084 3009
656 56 1011 133 “LIBER
1075 84 1266 157 vn„
1388 126 1396 131 .
1607 89 1706 149 197

182 184 406 254 padocia
435 202 488 234 se
506 185 744 235 attollens
768 182 1001 233 Ciliciam
1018 188 1282 249 praeterit,
1335 182 1709 256 Armeniaeque

186 254 461 303 montibus
482 254 721 315 iungitur.
790 281 793 289 ·
825 251 911 299 Sic
928 252 1060 299 inter
1080 269 1134 299 se
1153 262 1230 301 tot
1258 253 1376 317 iuga
1401 256 1545 305 velut
1560 300 1563 304 .
1577 258 1707 305 serie

179 320 513 371 cohaerentia
534 318 1050 383 perpetuum-habent
1087 317 1318 379 dorsum,
1349 337 1411 368 ex
1431 338 1532 385 quo
1549 320 1708 371 *Asiae

180 388 370 437 omnia
389 388 493 435 fere
514 386 726 441 flumina
738 417 753 441 ,
787 385 881 432 alia
900 386 951 433 in
971 384 1232 448 Rubrum,
1275 387 1371 435 alia
1391 388 1440 435 in
1465 387 1708 453 Caspium
1729 414 1750 441 ⁴.

178 472 365 515 mare,
398 454 493 502 alia
512 454 565 500 in
584 451 878 517 Hyrcanum
899 462 951 499 et
969 450 1243 515 Ponticum
1263 451 1521 503 decidunt.
1588 459 1708 503 xvn

183 522 401 571 dierum
438 519 601 585 spatio
633 517 917 565 Caucasum
956 518 1210 582 superavit
1245 520 1506 567 exercitus.
1601 522 1708 571 Ru-

178 606 281 655 pes
304 587 359 636 in
382 604 445 636 eo
466 602 507 633 x
526 586 579 633 in
600 585 867 633 circumitu
888 582 1048 633 stadia
1072 585 1454 648 complectitur,
1495 598 1712 650 quatuor

181 658 245 704 in
277 651 604 703 altitudinem
638 649 859 707 excedit,
900 650 955 697 in
985 667 1086 713 qua
1113 648 1358 701 vinctum
1384 651 1711 707 Promethea

180 720 221 787 γ’
218 719 373 771 uisse
424 720 693 783 antiquitas
744 715 915 765 tradit.
983 716 1296 767 Condendae
1349 720 1402 767 in
1443 712 1712 769 'radicibus

183 788 389 837 montis
409 786 527 849 urbi
550 785 697 835 se‘des
720 784 879 833 electa
902 794 994 832 est.
1093 797 1176 831 vn
1195 786 1425 834 millibus
1450 788 1710 836 seniorum

178 853 553 914 Macedonum,
577 864 627 901 et
646 862 905 916 praeterea
926 850 1192 913 militibus,
1215 869 1438 916 quorum
1459 871 1612 919 opera
1637 856 1714 902 uti

182 918 432 982 desisset,
497 919 835 985 permissum,
888 918 943 981 in
980 934 1172 967 novam
1209 917 1393 967 urbem
1432 920 1713 982 considere.

181 986 339 1035 Hanc
360 1002 563 1051 quoque
586 982 983 1037 Alexandriam
1000 984 1200 1033 incolae
1231 987 1636 1050 appellaverunt,
1648 1043 1657 1047 ,
1714 1005 1720 1014 ¹

299 1050 448 1102 CAP.
500 1050 619 1103 1V.·
656 1048 952 1113 AvBessus,
1001 1049 1286 1101 Alexandri
1307 1052 1561 1101 celeritate
1587 1068 1714 1117 per-

182 1121 411 1181 territus,
432 1120 543 1168 Diis
564 1120 737 1183 patriis
758 1119 997 1170 sacrificio
1019 1120 1114 1167 rite
1135 1118 1292 1183 fact03
1314 1120 1446 1168 sicut
1465 1120 1569 1169 illis
1589 1136 1714 1183 gen-

187 1186 327 1233 tibus
345 1202 461 1233 mos
484 1196 583 1243 est,
622 1201 741 1232 cum
761 1186 933 1233 amicis
954 1184 1271 1250 ducibusque
1292 1188 1558 1251 copiarum
1577 1188 1712 1251 inter

192 1251 375 1315 epulas
395 1250 458 1298 de
476 1250 617 1297 bello
651 1252 983 1298 consultabat.
1051 1250 1243 1299 Graves
1271 1269 1416 1302 mero
1451 1270 1588 1302 suas
1622 1251 1712 1302 vi-

192 1332 293 1366 res
313 1316 556 1364 extollere
568 1332 581 1359 :
605 1310 841 1362 hostium
857 1313 993 1381 nunc
1012 1317 1392 1377 temeritatem,
1411 1336 1548 1367 nunc
1563 1334 1713 1384 pau-

192 1382 426 1445 citatem
436 1414 455 1441 ,
492 1392 751 1445 spernere.
812 1379 1088 1445 Praecipue
1124 1380 1308 1430 Bessus
1324 1418 1338 1443 ,
1377 1384 1523 1432 ferox
1544 1384 1716 1433 verbis

190 1462 247 1500 et
283 1460 431 1514 parto
464 1464 556 1513 per
584 1447 753 1494 scelus
793 1461 953 1509 regno
992 1448 1243 1511 superbus
1257 1481 1270 1507 ‚
1313 1465 1370 1497 ac
1403 1450 1494 1513 *vix
1532 1462 1713 1515 potens

189 1517 409 1577 mentis,
431 1514 616 1574 dicere,
642 1511 907 1561 Socordia
928 1513 1098 1563 Darii
1117 1514 1355 1564 crevisse
1374 1513 1716 1595 hostiumfa—

190 1600 357 1633 mam.
434 1578 751 1630 Occurrisse
774 1580 919 1628 enim
940 1580 998 1627 in
1034 1578 1261 1642 Ciliciae
1290 1583 1713 1653 angustis-suuis

188 1646 492 1717 faucibus-,-
529 1663 651 1695 cum
673 1645 1068 1696 retrocedendo
1085 1656 1277 1712 posset
1288 1650 1596 1715 perducere
1618 1651 1712 1699 in-

194 1724 391 1765 cautos
414 1715 476 1763 in
495 1711 616 1761 loca
646 1720 881 1775 naturae
908 1713 1024 1761 situ
1055 1713 1238 1773 invia,
1283 1723 1368 1764 tot
1391 1716 1712 1782 fluminibus

192 1770 437 1842 obiectis,
454 1787 540 1831 tot
556 1777 817 1829 montium
833 1778 1070 1829 latebris
1089 1780 1235 1829 inter
1253 1799 1398 1850 quas
1407 1784 1714 1851 deprehen-

190 1866 289 1899 sus
310 1848 513 1906 hostis,
566 1908 571 1911 Ι
654 1845 1062 1913 agae-quidem,
1085 1848 1282 1898 nedum
1299 1850 1602 1901 resistendi
1619 1868 1705 1899 oc-

196 1912 555 1985 casionemfu
628 1912 640 1929 '
680 1912 989 1963 habiturus„
1012 1912 1134 1964 Sibi
1150 1915 1380 1981 placere
1393 1918 1452 1967 in
1467 1918 1712 1985 Sogdia-

198 1998 300 2031 nos
320 1980 565 2030 recedere
578 1998 595 2027 .·
642 1980 815 2029 Oxum
836 1996 1045 2029 amnem
1069 1981 1221 2031 velut
1239 2000 1448 2033 murum
1467 1983 1712 2033 obiectu-

198 2046 507 2106 rum-hosti,
544 2045 677 2095 dum*
690 2044 1031 2109 exfinitimis
1047 2046 1313 2115 gentibus
1333 2050 1525 2099 valida
1545 2051 1711 2099 auxi—

195 2112 277 2164 lia
296 2120 698 2163 concurrerent.
772 2113 1041 2165 Venturos
1061 2123 1250 2163 autem
1274 2113 1632 2177 Chorasmios,
1655 2125 1712 2165 et

194 2180 395 2233 Dahas
408 2215 422 2240 ,
462 2180 769 2247 Sacasque,
790 2187 848 2245 et
867 2178 1066 2239 Indos,
1087 2188 1146 2229 et
1164 2180 1314 2231 ultra
1337 2182 1570 2233 Tanaim
1587 2200 1711 2233 am·-

194 2264 317 2297 nem
337 2245 827 2309 colente-*Scythas
838 2266 864 2303 ,·
896 2262 1124 2323 quorum
1142 2248 1410 2299 neminem
1438 2251 1578 2300 adeo
1601 2249 1711 2299 lm·-

194 2313 371 2363 milem
390 2328 534 2373 esse,
556 2320 621 2363 ut
642 2312 856 2362 humeri
872 2329 993 2362 etus
1012 2329 1122 2379 non
1132 2324 1368 2380 possent
1386 2316 1708 2367 Macedonis

195 2380 386 2430 militis
405 2380 667 2429 verticem
697 2395 957 2443 aequare.
1060 2380 1397 2432 Conclamant
1425 2384 1709 2442 temulenti,

200 2463 362 2496 unam
388 2444 533 2496 hanc
562 2446 893 2495 sententiam
931 2445 1210 2497 salubrem
1247 2465 1400 2501 esse:
1441 2460 1493 2497 et
1527 2448 1707 2497 Bessus
1757 2476 1762 2487 ·

200 2510 537 2581 circumferri
556 2529 757 2563 merum
777 2512 994 2581 largius
1013 2514 1167 2574 iubet,
1191 2512 1538 2565 debellaturus
1560 2531 1709 2580 super
