2084 3009
995 62 1016 83 O

529 132 1103 203 Lissa-vm,
1472 158 1651 213 253,

51 246 513 317 reserunts'patrio
553 254 780 301 carmine
818 254 1053 301 noctium
1088 252 1379 303 invocantes
1416 252 1579 311 Deos,

51 319 196 383 Quis,
221 316 394 367 credat
427 322 560 369 inter
578 318 703 369 haec
741 320 862 369 vitia
902 334 1079 369 curam
1119 334 1227 368 esse
1268 320 1579 385 sapientiae?
1641 325 1647 335 ’

50 382 228 435 Unum
255 398 451 451 agreste
485 398 538 435 et
559 386 832 437 horridum
859 403 1018 451 genus
1039 398 1141 445 est,
1175 404 1303 453 quos
1325 387 1581 453 sapientes

51 464 248 503 vocant.
314 451 473 519 Apud
501 453 596 503 hos
626 472 873 521 occupare
905 455 994 503 fat'i
1026 453 1167 503 diem
1186 453 1492 520 pulchrum3
1528 466 1582 505 et

53 522 207 571 vivos
227 536 290 569 se
311 522 550 571 cremari
567 522 770 585 iubent,
803 522 989 587 quibus
1011 534 1099 571 aut
1116 520 1282 586 segnis
1305 531 1465 583 aetas,
1494 532 1582 570 aut

53 586 380 639 incommoda
415 589 655 643 valetudo
697 604 800 641 est:
852 600 1199 655 exspectatam
1226 599 1454 637 mortem
1484 596 1581 654 pro

54 653 300 705 dedecore
331 656 464 705 vitae
496 655 700 708 habent.
768 656 878 707 Nec
907 658 1048 705 ullus
1078 655 1407 721 corporibus,
1448 672 1579 720 quae

52 736 274 774 senectus
289 724 457 784 solvit,
472 722 634 773 honos
647 722 905 775 redditur:
926 724 1183 789 inquinari
1194 734 1374 788 putant
1384 722 1575 786 ignem,

49 790 141 837 nisi
161 790 248 853 qui
267 789 518 855 spirantes
539 792 737 857 recipit«
803 792 917 853 Illi,
939 792 1102 855 quiin
1120 790 1335 841 urbibus
1352 790 1577 855 publicis
1604 796 1623 809 ‘

47 858 276 907 moribus
299 856 516 921 degunt,
541 859 774 907 siderum
793 870 969 922 motus
990 858 1114 907 scite
1136 869 1363 923 spec-tare
1386 853 1577 905 dicun-

49 932 156 982 tur,
190 936 241 973 et
259 924 434 976 futura
453 925 767 990 praedicere.
831 926 940 983 Nec
961 941 1280 989 quemquam
1298 921 1577 972 admovere

47 986 132 1038 leti
151 990 294 1039 diem
316 990 548 1051 credunt,
571 994 652 1049 cui
667 1004 956 1059 exspectare
976 992 1213 1041 interrito
1226 992 1393 1039 liceat.
1434 989 1576 1038 Deos

51 1069 252 1121 putant,
287 1056 542 1123 quidquid
565 1062 736 1109 colere
757 1070 1059 1125 coeperunt:
1088 1058 1309 1107 -arbores
1330 1058 1577 1117 maxime,

52 1140 168 1189 quas
183 1126 378 1177 violare
399 1128 612 1191 capitale
635 1138 725 1175 est.
793 1126 995 1184 Menses
1017 1127 1071 1175 in
1091 1126 1275 1191 quinos
1298 1123 1462 1173 denos
1486 1123 1575 1172 de-

52 1191 358 1257 scripserunt
385 1192 512 1242 dies.
577 1190 719 1246 Atini
746 1195 901 1258 plena
921 1188 1329 1258 spatia-servant.
1397 1192 1576 1241 Lunae

52 1274 194 1308 cursu
223 1271 408 1325 notant
434 1271 698 1323 tempora,
736 1277 846 1308 non
872 1270 931 1310 ut
947 1260 1210 1324 plerique,
1250 1275 1373 1307 cum
1394 1258 1575 1306 orbem

49 1326 181 1375 sidus
208 1328 472 1392 implevit3
510 1324 603 1375 sed
633 1342 754 1373 cum
785 1342 840 1373 se
876 1341 1085 1374 curvare
1108 1325 1273 1387 coepit
1294 1325 1347 1371 in
1368 1340 1578 1387 cornua.

49 1393 113 1441 Et
141 1393 333 1443 idcirco
359 1394 624 1443 breviores
645 1392 836 1440 habent
853 1406 1085 1450 menses,
1126 1390 1215 1453 qui
1237 1390 1462 1451 spatium
1484 1404 1579 1435 eo-

51 1475 163 1511 rum
194 1461 260 1511 ad
291 1461 431 1512 hunc
460 1462 614 1508 lunae
641 1457 863 1510 modum
893 1456 1137 1520 dirigunt.
1200 1456 1369 1503 Multa
1401 1465 1463 1503 et>
1481 1454 1576 1501 alia

51 1528 342 1588 traduntur,
369 1528 558 1591 quibus
579 1526 774 1575 morari
792 1523 1033 1575 ordinem
1054 1538 1256 1586 rerum,
1276 1520 1426 1571 ‘haud
1456 1536 1577 1571 sane

49 1611 222 1661 operae
263 1593 552 1645 videbatur.

111 1660 261 1712 CAP.
297 1660 367 1711 X.
430 1660 594 1725 Igitur
629 1656 926 1711 Alexandro
966 1658 1091 1708 fines
1131 1656 1305 1707 Indiae
1343 1655 1573 1721 ingresso

53 1732 276 1795 gentium
325 1743 540 1775 suarum
576 1728 740 1791 reguli
779 1737 1143 1787 occurrerunt,
1204 1726 1452 1789 imperata
1472 1724 1577 1795 ⁸'fa--

53 1798 201 1859 cturi;
241 1794 400 1846 illum
428 1793 656 1843 tertium
687 1794 822 1843 Iove
847 1792 1105 1863 genitum
1142 1790 1223 1841 ad
1253 1793 1403 1859 ipsos
1434 1807 1573 1857 per-

51 1864 266 1914 venisse
294 1874 666 1913 memorantes:
703 1862 935 1911 Patrem
953 1860 1215 1911 Liberum
1234 1869 1403 1927 atque
1422 1861 1573 1907 Her-

55 1929 222 1983 culem
239 1931 410 1999 fama
447 1946 507 1979 co
516 1929 702 1979 “nito-s·
741 1946 865 1979 esse
875 1948 902 1987 ,·
943 1928 1121 1995 ips-urst.
1161 1944 1345 1977 coram
1374 1925 1572 1975 adesse

57 1999 326 2069 cernique.
377 1998 488 2047 Rex
503 1966 723 2061 benigne
746 2007 986 2062 exceptos
1006 1994 1167 2064 sequi
1184 1995 1333 2042 iussit
1346 2028 1360 2053 ‚
1388 1991 1574 2041 iisdem

57 2065 290 2117 itinerum
309 2064 529 2115 ducibus·
545 2078 748 2113 usurus.
789 2060 1032 2111 Ceterum
1043 2076 1160 2108 cum
1182 2061 1399 2124 amplius
1419 2074 1572 2106 nemo

58 2145 360 2195 occurreret3
399 2131 831 2196 Hephaestionem
859 2140 910 2178 et
925 2126 1223 2177 Perdiccam
1254 2142 1375 2175 cum
1394 2126 1573 2191 copia-

60 2215 170 2249 rum
198 2213 343 2267 parte
371 2199 634 2267 praemisit
653 2196 720 2246 ad
737 2194 1077 2259 subigendos,
1112 2192 1201 2257 qui
1220 2204 1573 2243 aversarentur

59 2264 350 2331 imperium:
401 2267 650 2331 iussitque
683 2263 760 2313 ad
780 2264 996 2331 flumen
1025 2258 1229 2309 Indum
1252 2258 1571 2325 procedere,

61 2340 114 2380 et
141 2334 372 2404 navigia
389 2332 628 2403 facere,
659 2332 786 2401 quis
819 2328 879 2379 in
911 2326 1180 2380 ulteriora
1199 2323 1575 2391 transportari

60 2411 240 2464 posset
257 2400 552 2453 exercitus.
619 2399 724 2461 Illi,
745 2398 865 2464 quia
883 2398 1032 2463 plura
1052 2394 1265 2445 flumina
1288 2390 1571 2457 superanda

34 2512 36 2515 ,
61 2480 222 2531 erant,
241 2472 312 2519 sic
331 2471 545 2521 iunxere
565 2482 715 2517 naves
727 2501 742 2526 ,
764 2476 822 2514 ut
841 2464 1038 2515 solutae
1059 2461 1296 2527 plaustris
1316 2458 1430 2509 vehi
1448 2473 1576 2523 pos-

61 2546 182 2595 sent,
202 2552 476 2601 rursusque
497 2533 762 2599 coniungi.
801 2532 943 2581 Post
961 2546 1020 2581 se
1043 2530 1271 2579 Gr‘atero
1290 2542 1411 2575 cum
1424 2520 1591 2593 phaa-

64 2595 226 2670 lange
256 2604 396 2654 iusso
431 2600 622 2670 sequi,
663 2600 961 2665 equitatum'
977 2614 1036 2647 ac
1064 2599 1235 2647 levem
1262 2602 1573 2644 armaturam
