2084 3009
440 181 763 233 SVPPL.1N
790 183 857 249 Q.
878 182 1198 236 cvRTrvM
1217 186 1277 239 L.
1298 185 1369 238 11.
1568 189 1673 249 425
1735 169 1740 172 ’

139 291 315 336 erunt
324 303 349 342 ,·
372 291 429 332 et
448 281 502 331 si
519 281 655 332 haec
676 287 893 333 adzmas
905 319 923 344 ,
962 303 1066 351 quo
1082 285 1211 353 plus
1234 285 1292 336 1⁸71
1313 287 1459 338 mari
1473 288 1679 342 habent

135 353 357 419 virium,
381 367 445 400 eo
468 351 699 400 celerius
720 363 1125 403 consumentur.
1173 357 1360 424 Atque
1381 356 1461 405 sic
1484 358 1677 424 imple-

134 419 315 471 bimus
323 416 505 482 fidem
524 419 794 478 vat1‘ct‘nii,
838 421 987 489 quod
1005 439 1206 472 aereae
1229 423 1453 473 tabulae
1473 425 1678 476 inscri-

128 497 295 556 ptum
317 502 496 552 nuper
518 503 588 536 ex
606 487 844 554 quodam
876 489 932 536 in
966 490 1139 555 Lycia
1167 489 1336 558 fonte
1379 491 1675 542 ebulc'visse

134 555 524 620 comperimus,
546 557 757 604 instare
778 555 1068 610 terminum
1088 558 1307 607 Persici
1325 560 1559 624 imperii.
1599 560 1672 608 Ita

133 623 389 672 dissoluta
411 623 585 682 classe,
606 619 836 671 Pontum
850 623 1238 689 adiacentesque
1251 625 1416 674 Ponto
1438 630 1673 691 regiones

129 688 462 754 praetoribus
483 690 587 736 suis
609 690 955 753 subiugandas
977 692 1213 757 reliquit3
1252 695 1360 758 ipse
1383 696 1676 743 institutum

128 759 233 806 iter
254 768 575 822 prosecutus,
616 757 669 804 in
693 756 900 821 Cariam
917 760 1108 808 movit:
1149 777 1272 808 nam
1309 777 1374 809 eo
1403 777 1672 829 magnam

128 823 245 874 vim
284 821 527 871 hostium
567 825 895 888 confluxisse
930 839 1253 889 cognoverat.
1299 827 1504 894 Quippe
1523 829 1674 876 Hali-

130 907 420 950 carnassus,
460 901 640 938 natura
680 892 784 939 loci
821 895 1186 953 munitissima,
1228 893 1523 960 duplicique
1557 912 1672 944 arce

130 969 271 1018 tuta‘,
312 973 457 1023 spem
492 959 794 1022 praebebat,
833 959 1204 1022 Macedonem,
1243 965 1485 1010 torrentis
1525 978 1672 1010 more

128 1033 395 1082 ruentem,
417 1041 473 1071 ea
493 1025 621 1072 urbe
640 1037 889 1089 tanquam
909 1026 1170 1090 crepidine
1193 1028 1430 1091 opposita
1453 1028 1674 1079 coerceri

133 1107 313 1158 posse.
381 1090 607 1138 Maxima
627 1092 679 1139 in
702 1093 986 1140 Memnone
1017 1107 1132 1155 spes
1153 1103 1274 1154 erat,
1297 1095 1386 1155 qui
1409 1095 1581 1143 omnia
1603 1093 1668 1144 ad

133 1155 405 1208 serendam
438 1157 768 1231 obsiglionem
808 1170 1104 1224 opportuna
1141 1175 1350 1208 summa
1371 1177 1490 1210 cura
1511 1179 1665 1228 prae-

132 1225 369 1296 parabat.
425 1224 604 1288 Nuper
625 1228 765 1273 enim
785 1244 813 1274 a
832 1225 991 1276 Dario
1023 1227 1316 1276 maritimae
1338 1244 1456 1276 orae
1476 1230 1670 1278 totius-

132 1309 236 1357 que
270 1292 443 1339 classis
473 1303 680 1356 praetor
710 1304 905 1341 creatus
929 1305 1054 1340 erat.
1107 1293 1243 1342 Nam
1265 1293 1426 1342 homo
1448 1296 1666 1345 callidus

129 1369 533 1423 temporumque
558 1357 802 1422 prudens,
826 1375 946 1407 cum
965 1375 1039 1419 se,
1067 1375 1245 1407 omnes
1257 1359 1489 1413 Persicos
1511 1361 1668 1412 duces

131 1427 335 1477 bellicis
374 1426 571 1483 artibus
612 1437 939 1490 superantem
954 1461 969 1489 ,
1008 1442 1167 1474 unam
1201 1427 1268 1475 ob
1301 1443 1504 1476 causam
1539 1430 1685 1482 infra·

130 1495 384 1544 meritum
404 1487 649 1541 lionorari
667 1495 989 1557 intelligeret,
1032 1493 1173 1557 quod
1207 1494 1433 1543 Graecus
1467 1511 1668 1560 genere,

132 1573 185 1610 ct
208 1562 343 1610 olim
361 1559 724 1610 Macedonicae
745 1562 913 1626 regiae
952 1561 1140 1627 hospes
1174 1562 1238 1610 de
1258 1560 1554 1626 proditione
1574 1576 1670 1611 su·-

129 1639 337 1694 spectus
360 1627 537 1675 haberi
566 1639 780 1693 poterat,
820 1646 1041 1677 uxorem
1084 1646 1230 1678 suam
1267 1630 1562 1693 liberosque
1604 1631 1670 1679 ad

132 1695 357 1744 Darium
376 1695 531 1756 misit,
573 1697 719 1760 quasi
741 1695 806 1744 de
838 1698 1106 1745 securitate
1146 1697 1362 1745 illorum
1399 1697 1668 1758 sollicitus,

130 1780 313 1812 revera
335 1772 393 1809 ut
412 1761 489 1809 his
508 1765 651 1811 velut
672 1763 936 1812 obsidibus
968 1763 1210 1812 fiduciam
1237 1763 1370 1827 regis
1402 1765 1669 1827 obligaret.

132 1829 381 1878 Ceterum
398 1826 710 1892 Alexander,
732 1830 939 1879 Cariam
958 1832 1316 1894 introgressus,
1341 1833 1515 1879 omnia
1536 1833 1669 1880 inter

132 1895 385 1945 Miletum
404 1907 455 1943 et
472 1892 887 1946 Halicarnassum
906 1898 1096 1963 oppida
1115 1899 1258 1948 brevi
1287 1899 1340 1947 in
1363 1909 1666 1963 potestatem

132 1963 351 2026 redegit.
422 1961 673 2027 Pleraque
696 1967 835 2012 enim
858 1964 1066 2012 Graecis
1089 1967 1272 2014 incolis
1291 1964 1670 2024 habitabantur,

136 2031 326 2094 quibus
348 2030 729 2081 immunitatem
760 2047 977 2094 suasque
997 2032 1134 2092 leges
1153 2032 1421 2078 restituere
1443 2046 1670 2079 consue-

132 2108 293 2157 verat,
316 2094 835 2176 obgliberandoseos
858 2098 915 2146 in
934 2093 1129 2144 Asiam
1147 2094 1369 2144 venisse
1389 2096 1670 2158 professus.

131 2165 318 2229 Neque
338 2181 595 2213 minorem
612 2181 741 2214 mox
762 2183 788 2212 a
807 2165 1039 2213 barbaris
1059 2163 1169 2210 iniit
1187 2163 1418 2225 gratiam,
1452 2165 1670 2214 comiter

133 2243 347 2298 excepta
367 2229 499 2292 Ada,
539 2234 665 2295 regii
686 2233 885 2295 generis
906 2231 1144 2290 muliere,
1180 2246 1308 2292 quae
1348 2229 1445 2277 iter
1477 2247 1570 2294 per
1609 2249 1667 2280 ea

133 2300 249 2350 loca
269 2299 540 2348 facientem
561 2309 879 2360 convenerat,
925 2299 1161 2361 illiusque
1190 2295 1350 2345 fidem
1380 2296 1666 2361 implorans

132 2367 195 2416 in
222 2382 459 2434 regnum
489 2366 721 2415 restitui
756 2376 1001 2416 oraverat.
1035 2363 1174 2412 Nam
1192 2364 1538 2413 Hecatomnus
1563 2365 1668 2414 Ca-

132 2436 238 2483 riae
260 2450 351 2482 rex
374 2445 476 2481 tres
496 2434 627 2482 filios
646 2433 837 2494 habuit,
861 2431 985 2481 duas
1006 2431 1159 2480 filias:
1190 2449 1255 2480 ex
1275 2430 1388 2496 quis
1409 2431 1666 2482 maximus

134 2513 257 2550 natu
282 2501 553 2548 Mausolus
575 2499 907 2549 Artemisiam
928 2499 1166 2548 duxerat:
1187 2499 1362 2546 minor
1383 2514 1446 2546 ex
1467 2500 1668 2548 sorori-

132 2568 231 2620 bus
251 2566 371 2616 Ada
392 2567 534 2614 fratri
551 2567 766 2616 Hidrieo
798 2569 987 2633 nupsit.
1047 2565 1152 2614 Sed
1182 2565 1420 2613 Mausolo
1453 2564 1666 2628 quidem

134 2653 288 2686 soror
312 2633 595 2700 eademque
618 2636 805 2684 coniux
822 2636 1080 2698 successit,
1100 2649 1247 2683 more
1268 2633 1446 2699 gentis,
1489 2633 1668 2697 quoin
