2084 3009
370 237 602 292 SVPPL.
622 239 698 291 IN
720 241 787 308 Q.
806 239 1124 294 CVRTIVM
1142 242 1204 292 L.
1223 242 1291 292 n.
1328 307 1344 312 α
1494 243 1600 303 433

78 353 341 396 momento
372 344 621 410 temporis
646 341 887 394 inclinata
912 335 1146 406 fortuna}
1185 344 1447 412 Ephialtes
1479 362 1599 396 cum

78 411 309 478 plurimis
329 410 719 476 fortissimisque
742 427 954 459 suorum
979 429 1156 460 caesus
1170 449 1184 474 ‚
1224 413 1407 476 reliqui
1427 413 1484 460 in
1504 431 1600 462 ur-

78 479 189 529 bem
209 477 403 542 repulsi
416 489 551 526 sunt.
587 478 891 532 Introierant
903 479 1056 526 etiam
1068 479 1416 528 Macedonum
1427 481 1598 542 multi,

77 557 120 594 et
136 545 398 612 oppidum
417 545 803 610 vicapiebatur,
845 561 965 594 cum
994 547 1222 626 receptui
1245 547 1354 594 cani
1375 563 1466 594 rex
1485 547 1599 596 ius-

73 613 154 674 sit3
200 613 309 660 sive
330 624 389 661 ut
406 614 527 664 urbi
542 624 785 678 parceret,
807 613 911 662 sive
931 615 1192 678 praecipita
1217 615 1322 661 iam
1341 613 1393 660 in
1415 631 1595 678 vespe-

72 695 175 728 ram
197 679 310 741 die,
350 691 558 743 noctem
580 692 628 728 et
649 681 873 728 occultas
896 680 1080 744 ignotis
1102 681 1228 729 locis
1249 679 1456 730 insidias
1478 697 1598 728 me-

72 748 255 796 tuebat.
308 745 425 794 Hoc
460 748 717 811 proelium
762 747 1059 814 praecipuas
1100 748 1426 796 obsessorum
1463 748 1596 796 vires

70 815 367 862 consumsit.
438 813 601 878 Igitur
620 813 889 874 Memnon,
908 830 965 862 re
991 830 1112 862 cum
1133 813 1466 876 Orontobate‚
1506 814 1596 878 qui.
1671 829 1680 838 ·

70 882 249 930 urbem
274 881 495 941 tenebat,
535 882 812 946 ceterisque
852 879 1069 933 ducibus
1110 879 1405 942 deliberata,
1445 891 1596 929 nocte

70 947 371 1015 intempesta
393 948 580 1002 turrim
599 948 826 1010 ligneam
846 958 897 995 et
915 949 1161 1011 porticu-3,
1195 947 1286 995 ubi
1301 949 1399 995 tela
1419 964 1596 996 serva-

69 1012 269 1073 bantur,
306 1013 605 1074 incendunt,
646 1013 984 1077 aedificiisque
1022 1029 1176 1062 muro
1207 1014 1387 1062 vicinis
1419 1014 1596 1076 ignem

69 1091 389 1148 supponunt:
414 1097 515 1144 quo
535 1081 770 1129 celeriter
790 1089 1057 1144 concepto,
1080 1095 1199 1128 cum
1225 1091 1274 1128 et
1294 1098 1356 1128 ex
1375 1081 1596 1145 portici-

68 1147 158 1197 bus
180 1148 413 1212 turrique
435 1150 647 1196 flamma
656 1158 810 1196 vento
824 1147 1004 1210 agitata
1017 1145 1294 1209 accederet,
1315 1148 1417 1195 late
1437 1145 1594 1195 sude-

66 1227 181 1264 runt
193 1214 507 1263 incendium.
530 1213 928 1281 oppidanorum
940 1213 1270 1279 militumque
1277 1214 1593 1264 validissima

62 1299 176 1348 pars
198 1298 367 1330 arcem
386 1282 438 1329 in
458 1282 626 1330 insula
648 1282 800 1331 sitam
822 1281 1114 1346 occupavit3
1143 1281 1229 1329 alii
1259 1283 1312 1330 in
1333 1281 1592 1330 Salmaci-

67 1347 185 1400 dcm
208 1367 263 1398 se
284 1350 571 1397 contulere:
608 1349 815 1397 alterius
835 1349 965 1396 arcis
986 1346 1041 1396 id
1062 1365 1272 1406 nomen,
1311 1347 1538 1396 inditum
1558 1364 1591 1395 >a

63 1417 217 1477 fonte,
240 1415 329 1479 qui
350 1417 421 1465 ihi
445 1427 536 1477 est,
556 1415 933 1480 vulgatissimae
955 1414 1137 1464 famae.
1156 1413 1428 1479 Reliquam
1447 1415 1594 1462 mul-

63 1483 337 1535 titudinem
355 1500 536 1548 resque
557 1483 805 1549 pretiosas
826 1481 981 1531 duces
1002 1493 1281 1530 avexerunt
1299 1482 1353 1530 in
1377 1479 1488 1529 Con
1509 1481 1589 1528 in·

60 1553 251 1600 sulam.
300 1547 610 1612 Alexander,
646 1549 842 1600 indicio
880 1548 1280 1612 transfugarum,
1320 1559 1370 1597 et
1391 1548 1590 1596 obiecta

58 1619 225 1667 oculis
266 1619 431 1683 specie
452 1654 467 1680 ,
507 1635 637 1682 quae
677 1619 732 1666 in
750 1617 879 1667 urbe
919 1627 1063 1681 gesta
1105 1615 1314 1664 fuissent
1354 1615 1588 1679 cognitis,

57 1701 380 1751 quamquam
397 1684 569 1733 media
588 1695 755 1746 nocte,
787 1683 1100 1734 Macedonas
1122 1681 1386 1732 in-urhem
1406 1683 1590 1730 irrue-

56 1769 130 1814 re,
173 1761 234 1802 et
263 1769 405 1820 quos
426 1751 739 1802 incendium
767 1758 1051 1821 augentes
1082 1748 1589 1816 deprehendissent,

56 1818 372 1884 interficere
384 1838 410 1875 ,·
450 1818 505 1866 si
524 1819 621 1886 'qui
644 1819 789 1870 domn
810 1836 870 1868 se
891 1817 1263 1876 continerent,
1305 1815 1376 1866 ab
1399 1831 1588 1864 eorum

58 1885 235 1939 caede
266 1893 591 1951 temperare,
619 1887 778 1937 iubet.
841 1885 980 1934 Luce
1011 1884 1192 1933 oborta
1218 1899 1354 1932 arces
1374 1901 1401 1931 a
1421 1881 1590 1940 Bersis

56 1968 106 2003 et
126 1949 459 2003 mercenariis
476 1953 686 2004 insessas
707 1953 1103 2018 contemplatus,
1125 1968 1243 1999 cum
1265 1950 1593 2001 obsidionem

62 2037 247 2070 earum
262 2021 408 2084 longi
429 2019 600 2086 operis
624 2020 853 2068 futuram
874 2021 1232 2083 suspicaretur,
1271 2033 1437 2079 neque
1466 2032 1592 2080 pre-

60 2089 197 2136 tium
216 2098 431 2152 putaret,
458 2087 623 2154 capite
642 2086 805 2150 gentIs
827 2095 1130 2147 expugnato,
1170 2082 1368 2131 duabus
1390 2081 1591 2130 arcibus

58 2153 392 2217 assidentem,
431 2152 616 2218 agendi
637 2163 843 2217 tempus
872 2167 963 2216 per
995 2151 1162 2199 otium
1182 2161 1232 2198 et
1252 2149 1488 2198 inertiam
1506 2159 1592 2197 te·-
1637 2147 1643 2151 ’

55 2238 194 2278 rere,
214 2223 401 2270 urhem
421 2222 587 2285 ipsam
607 2217 875 2278 exscindit,
895 2233 1033 2265 arces
1052 2234 1204 2266 muro
1227 2216 1463 2282 fossaque
1485 2215 1587 2264 cir·

54 2286 737 2352 cumseptas‘Ptolemaeum
768 2284 1038 2354 qbservare
1071 2285 1240 2346 iubet,
1279 2300 1437 2349 quem
1469 2299 1590 2334 cum

55 2355 228 2405 tribus
246 2353 495 2402 ‘millibus
529 2351 923 2420 peregrinorum
954 2350 1200 2413 militum,
1222 2347 1292 2400 'et
1331 2350 1588 2414 equitibus

54 2422 295 2472 ducentis
319 2419 385 2469 ad
394 2419 597 2470 Cariam
608 2418 854 2474 tuendam
865 2417 1201 2480 relinquebat.
1233 2417 1283 2467 Is
1304 2434 1410 2466 non
1430 2418 1590 2480 longo

54 2501 177 2558 post
201 2501 452 2554 tempore,
496 2488 653 2554 copiis
692 2501 812 2535 cum
850 2481 1089 2533 Asandro
1129 2483 1320 2552 Lydiae
1357 2495 1591 2548 praetore

58 2557 370 2616 coniunctis,
411 2553 790 2604 Orontobatem
818 2553 923 2601 acie
952 2550 1098 2598 vicit:
1138 2563 1189 2600 et
1216 2550 1590 2600 Macedonibus

56 2626 133 2674 ira
152 2623 432 2690 taedioque
453 2620 786 2672 diuturnioris
807 2633 999 2680 morae,
1022 2634 1088 2684 op
1123 2617 1390 2682 ugnationi
1407 2617 1588 2667 acrites

128 2691 405 2744 evum.
1154 2700 1186 2736 ο
