2084 3009
447 181 679 234 SVPPL.
720 181 789 258 ιρι
832 181 899 249 Q.
932 180 1246 232 CVRTIVM
1279 181 1340 232 L.
1368 183 1438 234 11.
1601 189 1709 244 431
1778 248 1783 253 Ι

176 289 265 338 rie
283 283 581 334 arbitrium
603 279 964 333 concederent
972 303 997 344 ,·
1016 284 1121 332 sed
1132 284 1262 334 dum
1280 283 1492 352 aliquid
1508 286 1708 337 virium

178 361 514 420 superesset,
562 368 684 399 cum
700 350 893 408 robore
930 351 1262 400 conductitii
1296 352 1487 402 militis
1525 371 1710 402 erum-

172 421 442 491 pendam,
475 427 533 467 et
553 417 832 467 alacribus
852 419 1056 468 animis
1077 437 1196 468 cum
1214 418 1372 468 hoste
1394 421 1706 489 confligen-

180 489 313 538 dum
331 504 471 536 esse.
544 486 837 534 Consilium
860 503 1031 545 suum,
1052 503 1167 554 ,quo
1189 487 1248 534 in
1269 487 1506 552 speciem
1525 489 1708 537 auda·-

178 556 297 605 cius
318 556 484 610 esset,
528 571 587 600 eo
599 553 738 618 plus
761 553 818 602 ih
840 554 1188 622 exsequendo
1210 551 1520 621 facilitatis
1541 554 1706 618 habi-

176 629 381 672 turum.
437 621 709 670 Hostibus
729 622 871 670 enim
890 621 1005 670 alia
1026 622 1210 671 omnia
1230 621 1702 688 exspectantibus,

174 699 234 738 et
252 689 523 738 adversus
545 704 749 744 casum,
792 689 855 736 de
874 706 979 756 quo
1001 688 1144 737 nihil
1165 689 1499 748 dubitarent,
1523 689 1703 756 impa-

174 755 340 815 ratis,
364 754 713 824 superfusum
736 753 811 805 iri
828 773 975 804 suos.
1024 757 1203 820 Neque
1222 757 1490 821 Memnon,
1513 774 1700 822 quam-

174 841 335 888 quam
360 835 505 870 cauta
530 823 737 870 consilia
761 825 1001 888 speciosis
1016 825 1270 888 praefer-re
1281 826 1482 884 solitus,
1501 826 1702 875 restitit.

172 892 313 942 Nam
334 891 534 938 etiamsi
554 889 682 936 nihil
702 902 993 948 novaretur,
1031 893 1177 939 nulla
1206 893 1497 957 propinqua
1525 893 1700 942 auxilii

170 976 268 1025 spe
291 953 494 1006 tristem
524 952 807 1007 obsidionis
831 958 1025 1006 exitum
1063 957 1172 1005 fore
1215 952 1592 1022 prospiciebam
1634 971 1698 1022 et,
1761 954 1766 961 ’

169 1039 230 1075 ut
254 1027 311 1073 in
330 1034 471 1072 tanto
494 1023 805 1086 discrimine,
825 1042 933 1073 non
950 1026 1283 1076 inconsultum
1294 1025 1516 1086 rebatur,
1539 1043 1700 1091 expe-

170 1093 265 1143 riri
284 1093 458 1146 virum
478 1107 665 1150 acrem,
708 1103 757 1140 et
795 1093 883 1156 qui
922 1094 1066 1141 velut
1103 1093 1344 1141 instinctu
1375 1093 1604 1158 quodam
1633 1093 1698 1142 ad

172 1159 403 1209 extrema
426 1157 659 1207 audenda
679 1171 929 1222 ageretur.
983 1158 1148 1222 Igitur
1172 1159 1449 1225 Ephialtes,
1492 1159 1715 1210 'duobus'

169 1226 406 1275 millibus
448 1243 509 1273 ex
550 1225 692 1273 omni
728 1227 1170 1275 mercenariorum
1205 1243 1424 1278 numero
1471 1228 1696 1288 delectis,

168 1292 335 1352 faces
356 1289 500 1340 mille
518 1307 724 1358 parare
746 1295 907 1354 iubet,
926 1293 1222 1361 primaque
1245 1291 1364 1342 luce
1384 1295 1600 1357 adesse,
1641 1303 1698 1356 et

166 1368 417 1410 armatos
468 1367 787 1426 exspectare
838 1359 1141 1424 imperitam.
1220 1359 1414 1425 Coepta
1453 1361 1536 1408 die
1575 1379 1698 1410 cum
1758 1358 1769 1370 ⁶

166 1420 466 1477 Alexander
486 1427 675 1474 iterum
704 1442 857 1473 muro
889 1427 1108 1474 lateritio
1129 1427 1392 1476 machinas
1429 1426 1716 1477 admovisae

166 1505 265 1555 set,
311 1494 657 1556 instarentque
676 1491 988 1540 Macedones
1020 1493 1190 1557 operi3
1229 1493 1509 1558 Ephialtes,
1545 1511 1634 1559 pol
1644 1505 1696 1542 ta

166 1562 342 1612 subito
364 1559 625 1626 patefacta,
666 1558 943 1608 dimidium
969 1575 1184 1608 suorum
1213 1561 1446 1609 immittit
1471 1577 1590 1609 cum
1613 1561 1696 1608 fa-
1721 1617 1726 1625 „

169 1629 341 1690 cibus3
380 1629 487 1692 ipse
509 1644 631 1674 cum
653 1629 831 1675 ceteris
855 1626 1015 1675 denso
1038 1627 1240 1690 agmine
1263 1629 1604 1692 subsequitur,
1635 1639 1694 1676 ut

167 1694 343 1746 hostes
366 1693 661 1743 incendium
678 1695 1027 1758 prohibituros
1050 1695 1388 1743 submoveret.
1459 1691 1694 1742 Alexan-

168 1761 279 1822 der,
320 1763 577 1809 intellecto
598 1761 725 1826 quid
746 1771 993 1825 ageretur,
1033 1763 1197 1810 aciem
1220 1762 1450 1810 celeriter
1470 1761 1690 1822 instruit,
1743 1813 1749 1819 Ι

166 1827 395 1880 subsidia
416 1827 612 1876 delecto
635 1829 798 1876 milite
818 1829 1003 1875 firmat.
1076 1829 1316 1897 Cumque
1343 1827 1483 1878 alios
1503 1827 1582 1877 ad
1599 1844 1694 1876 ex-

166 1894 564 1962 stinguendum
602 1895 795 1964 ignem
834 1893 915 1943 ire
948 1896 1190 1958 iussisset,
1221 1897 1286 1962 ‘in
1319 1913 1422 1955 eos,
1461 1898 1694 1961 quicum

167 1961 407 2027 Ephialte
441 1962 767 2022 advenerant,
807 1964 1063 2027 impetum
1095 1963 1242 2011 facit.-
1285 1961 1355 2010 At
1386 1965 1472 2010 ille
1503 1962 1690 2024 insigni

144 2029 401 2093 ‘corporis
422 2031 627 2089 robore,
667 2041 921 2095 quotquot
951 2029 1180 2077 conferre
1211 2029 1399 2091 pedem
1418 2027 1690 2088 audebant,

169 2095 497 2157 obtruncans,
521 2111 639 2142 suos
660 2113 799 2157 voce,
822 2107 967 2157 nutu,
1008 2106 1057 2144 et
1079 2095 1314 2160 inprimis
1333 2095 1590 2159 exemplo,
1622 2093 1690 2142 ad

165 2163 412 2211 virtutem
433 2159 708 2210 animabat.
766 2163 945 2226 Neque
975 2179 1162 2228 parum
1192 2161 1456 2209 molestiae
1477 2179 1504 2210 e
1523 2163 1688 2210 muris

165 2228 501 2278 exhibebatur
522 2227 678 2277 hosti-t
699 2231 903 2296 -q'uippe
934 2242 1132 2280 turrem
1157 2239 1364 2277 centum
1395 2229 1690 2278 cubitorum

166 2295 369 2344 obsessi
388 2305 665 2356 erexerant,
708 2298 1076 2361 tormentisque
1118 2295 1392 2344 commode
1427 2295 1688 2361 dispositis

166 2360 334 2411 hastas
356 2371 406 2407 et
434 2377 550 2408 saxa
569 2362 930 2412 iaculabantur.
951 2361 1224 2412 Interhaec
1245 2382 1307 2413 ex
1328 2363 1524 2412 diversa
1545 2372 1687 2428 parte

164 2430 309 2480 urbis
350 2425 466 2494 (ipsi
494 2427 753 2494 Tripylon
780 2428 1048 2494 vocabant)
1089 2429 1217 2480 duce
1246 2430 1527 2478 Memnone
1560 2430 1688 2478 alius
1713 2438 1721 2446 '

170 2497 548 2562 oppidanorum
570 2497 767 2558 globus,
789 2516 889 2563 qua
910 2498 1122 2546 minime
1142 2497 1540 2562 exspectabatur,
1564 2511 1686 2542 eru-

172 2565 271 2631 pit:
314 2560 587 2628 tantusque
609 2562 861 2614 tumultus
880 2566 1086 2628 incessit
1107 2565 1297 2624 castris,
1320 2575 1378 2610 ut
1399 2564 1504 2626 ipse
1529 2563 1687 2610 etiam

171 2645 260 2680 rex
279 2632 481 2682 consilii
502 2633 725 2682 incertus
747 2633 1042 2681 efficeretur.
1099 2631 1204 2681 Sed
1241 2631 1396 2679 animi
1426 2629 1690 2696 magnitu-
