2084 3009
617 49 661 99 1.
693 48 722 99 1
751 30 951 117 B'm
1017 52 1127 109 111.
1560 60 1627 115 23

80 147 320 200 incessit
350 150 526 197 animo
557 150 709 199 sortis
748 152 856 201 eius
895 152 1201 219 implendae.
1270 152 1415 207 Circa
1452 170 1623 223 regem

79 228 198 265 erat
223 226 286 264 et
307 212 577 281 Phrygum
595 216 742 266 turba
755 212 840 277 ,'et
858 218 1228 285 Macedonum:
1253 215 1340 270 illa
1360 234 1621 288 exspecta-

78 284 230 332 tione
255 299 532 361 suspensa,
551 282 674 331 haec
693 285 911 334 sollicita
924 303 985 335 ex
1003 288 1270 336 temeraria
1280 290 1417 353 regis
1426 288 1624 337 fiducia.

79 350 314 415 Quippe
334 365 494 397 series
513 350 836 410 vinculorun-i
857 354 924 401 ita
945 352 1207 416 adstricta,
1228 367 1285 403 ut
1302 354 1441 403 unde
1463 372 1623 405 nexus

80 418 370 481 inciperet,
403 432 570 480 quove
603 433 657 465 se
689 418 954 480 conderet,
995 436 1093 467 nec
1120 420 1343 482 ratione,
1382 439 1478 471 nec
1510 422 1621 470 visu

81 482 297 547 percipi
317 492 524 547 posset,
543 484 738 533 solvere
759 500 994 549 aggresso
1015 480 1255 536 iniecerat
1272 504 1463 549 curam,
1484 505 1548 537 ne
1568 488 1621 534 in

83 568 254 599 omen
276 559 564 599 verteretur
587 550 790 599 irritum
821 552 1127 618 inceptum-⁴
1167 550 1265 601 Ille
1299 569 1623 617 nequaquam

83 616 176 665 diu
199 618 443 665 luctatus
465 631 586 663 cum
603 616 879 666 latentibus
902 616 1269 683 nodisffzihil,
1308 618 1500 685 inquit,
1532 618 1623 667 in·-

84 690 290 744 terest‚
304 681 586 749 ‘quomodo
599 682 900 733 solvantur:
923 683 1194 749 gladioque
1207 686 1368 751 ruptis
1383 686 1621 735 omnibus

86 750 216 799 loris
233 785 248 809 ,
294 748 496 795 oraculi
515 761 709 797 sortem
737 752 820 798 vel
852 752 1028 812 elusit,
1068 753 1151 800 vel
1170 752 1417 817 implevit.
1485 750 1622 801 Cum

84 814 286 864 deinde
308 814 548 875 Darium,
569 816 880 881 ubicumque
904 828 1061 877 esset,
1083 834 1330 881 occupare
1348 820 1621 879 statuisset3

85 895 144 931 ut
179 899 214 929 a
253 890 409 943 tergo
443 890 550 928 tuta
586 881 922 947 relinqueret,
960 878 1344 947 Amphoterum
1376 886 1524 932 classi
1556 884 1622 933 ad

87 948 244 997 oram
254 946 603 1011 Hellesponti,
627 947 786 1014 ccpiis
807 961 980 998 autem
999 950 1241 1015 praefecit
1250 948 1621 1013 Hegelochum3

86 1014 364 1073 Lesbum,
385 1022 438 1077 ‘et
457 1011 672 1075 Chium,
693 1013 876 1077 et-Con
896 1012 1159 1083 praesidiis
1180 1014 1409 1066 hostium
1430 1017 1623 1065 libera·-

89 1094 262 1130 turos.
336 1079 430 1127 His
453 1081 641 1145 talenta
663 1080 728 1129 ad
747 1082 872 1131 belli
895 1100 1052 1131 usum.
1071 1084 1345 1147 quin'genta
1364 1084 1618 1133 attributa:

93 1148 162 1197 ad
180 1143 528 1218 Antipatrum,
540 1182 554 1208 ,
595 1159 644 1195 et
664 1165 770 1206 eos,
792 1150 877 1213 qui
901 1149 1121 1198 Graecas
1142 1152 1293 1199 urbes
1327 1152 1617 1208 tuebantur,

90 1224 336 1263 sexcenta
350 1214 529 1261 missa:
553 1230 614 1262 ex
635 1213 838 1264 foedere
851 1233 1002 1264 naves
1015 1217 1163 1264 sociis
1175 1218 1465 1281 imperatae,
1488 1232 1617 1280 quae

91 1281 444 1343 Hellesponto
483 1278 846 1344 praesiderent.
913 1280 1163 1330 Nondum
1200 1283 1341 1330 enim
1375 1283 1620 1331 Memno-

93 1363 220 1395 nem
239 1347 346 1395 vita
369 1347 638 1395 excessisse
661 1358 990 1414 cognoverat:
1045 1348 1101 1393 in
1132 1364 1290 1410 quem
1321 1364 1499 1395 omnes
1533 1348 1620 1395 in-

93 1412 335 1461 tenderat
355 1428 500 1475 curas
511 1446 528 1469 ‚
549 1413 668 1461 satis
689 1428 874 1475 gnarus
896 1424 1077 1461 cuncta
1096 1412 1148 1459 in
1171 1410 1409 1475 expedito
1434 1412 1559 1473 fore,
1578 1412 1621 1461 si

96 1480 230 1527 nihil
259 1476 325 1525 ab
359 1496 439 1527 eo¹⁴
451 1490 762 1529 moveretur.
828 1478 1039 1544 Iamque
1061 1476 1126 1526 ad
1146 1476 1332 1527 urbem
1358 1472 1622 1544 Ancyram

98 1557 314 1593 ventum
335 1556 456 1605 erat,
476 1545 565 1593 uhi
585 1559 805 1593 numero
827 1543 1092 1610 copiarum
1106 1545 1248 1606 inite,
1274 1544 1621 1610 Paphlagoni-

101 1628 189 1659 am
210 1612 390 1671 intrat3
431 1610 552 1659 hnic
571 1611 731 1659 iuncti
751 1624 894 1661 erant
912 1612 1079 1674 Eneti,
1119 1610 1255 1659 iinde
1282 1610 1493 1677 quidam
1511 1611 1621 1663 ,Ve-

103 1688 250 1726 netos
271 1676 471 1737 trahere
493 1678 746 1740 originem
765 1678 1000 1739 credunt3
1041 1679 1312 1741 omnisque
1334 1678 1459 1728 haec
1476 1680 1618 1741 regio

103 1743 276 1809 paruit
292 1745 424 1805 regi:
465 1742 696 1806 datisque
718 1743 1008 1804 obsidibus,
1051 1741 1345 1803 tributum,
1384 1743 1530 1811 quod
1548 1760 1619 1793 ne

103 1809 298 1858 Persis
330 1806 549 1875 quidem
569 1806 858 1869 tulissent,
889 1808 1137 1876 pendere
1167 1826 1234 1858 ne
1263 1818 1617 1878 cogerentur,
1690 1868 1696 1871 Μ

105 1878 524 1941 impetraverunt.
592 1874 739 1933 Calas
779 1874 898 1923 huic
933 1876 1129 1940 regioni
1166 1879 1485 1943 praepositus
1518 1888 1618 1926 est:

107 1945 121 1991 i
158 1960 210 1991 se
224 1977 239 2003 ‚
277 1942 512 1990 assumtis
545 1943 634 2009 qui
664 1960 728 1991 ex
752 1940 1057 1993 Macedonia
1094 1960 1258 2011 nuper
1297 1941 1618 2006 advenerant,

105 1962 486 2075 gappadociam
503 2010 668 2073 petiit.
1298 2034 1305 2039 ·

240 2072 392 2123 CAP.
413 2074 480 2125 Π.
529 2072 602 2123 At
617 2074 820 2138 Darius,
859 2077 1093 2125 nuntiata
1108 2073 1406 2124 Memnonis
1434 2086 1617 2137 morte,

109 2140 244 2191 haud
264 2158 408 2190 secus
431 2158 588 2205 quam
608 2160 701 2207 par
722 2154 828 2192 erat
863 2154 1036 2192 mot-us
1052 2178 1067 2205 ,
1128 2142 1318 2189 omissa
1348 2142 1489 2189 omni
1518 2142 1617 2191 alia

107 2226 206 2275 spe,
227 2208 399 2257 statuit
417 2209 524 2273 ipse
544 2207 838 2258 decernere:
859 2211 1051 2275 quippe
1072 2224 1201 2273 quae
1221 2225 1313 2274 per
1324 2206 1477 2258 duces
1489 2225 1608 2259 suos

109 2288 208 2325 acta
229 2285 369 2323 erant
387 2310 402 2335 ,
435 2286 617 2324 cuncta
637 2274 936 2339 damnabat3
975 2288 1131 2338 ratus,
1153 2276 1388 2339 pluribus
1419 2292 1613 2337 curam,

114 2342 343 2395 omnibus
363 2341 584 2389 abfuisse
603 2340 881 2392 fortunam.
949 2342 1111 2407 Igitur
1142 2344 1315 2391 castris
1334 2340 1413 2389 ad
1443 2342 1613 2405 Baby-

114 2407 278 2459 Ionem
292 2408 470 2473 positis
483 2443 496 2469 ,
520 2424 624 2472 quo
643 2410 838 2459 maiore
864 2412 1036 2462 animo
1058 2420 1377 2475 capesserent
1394 2407 1611 2468 bellum,

117 2475 510 2534 universasvires
550 2476 606 2525 in
643 2486 976 2543 conspectum
1015 2477 1181 2529 dedit:
1224 2488 1277 2525 et
1296 2473 1608 2544 circumdate
