2084 3009
426 157 531 216 284
634 105 641 112 ⁴
957 151 1023 216 Q.
1110 105 1438 201 cvnaefi

426 275 545 308 tam
563 254 734 302 maris
747 271 765 303 ,ὲ
786 270 856 302 ne
878 251 1196 303 inviderent
1215 249 1327 301 sibi
1343 251 1584 312 laudem,
1615 259 1981 320 quampete-

429 333 531 378 ret.
568 319 825 370 Herculis
848 329 903 369 et
922 318 1112 370 Liberi
1121 321 1314 385 patri-5·
1336 321 1594 368 terminos
1616 326 1984 366 transzturos

429 387 577 448 illos,
618 387 747 456 regi
766 405 885 450 suo,
918 403 1100 453 parvo
1136 387 1437 452 impendio,
1483 384 1984 434 immortalitatem

420 455 611 526 famae
636 455 878 505 daturos.
908 457 1249 504 Paterentur
1269 472 1328 504 se
1351 472 1418 504 ex
1438 453 1604 502 India
1628 451 1837 514 redire,
1860 469 1982 500 non
2063 521 2065 528 Ι

421 522 639 594 fugere.
710 523 895 572 Omnis
915 522 1214 582 multitudo,
1237 534 1287 570 et
1306 522 1528 570 maxime
1550 521 1788 568 militaris
1805 556 1820 580 ‚
1841 537 1980 568 nm·-

426 593 521 642 hili
542 593 737 656 impetu
766 591 969 639 fertum*
1006 589 1084 638 Ita
1103 589 1362 637 seditionis
1391 604 1497 637 non
1535 586 1764 635 remedia
1807 603 1981 651 quam

426 659 675 725 principia
692 659 886 706 maiora
907 669 1041 706 sunt.
1080 657 1201 705 Non
1224 657 1344 705 alias
1368 667 1473 704 tam
1493 657 1657 704 alacer
1677 655 1885 702 clamor
1909 655 1979 703 ab

428 726 654 774 exercitu
676 736 751 772 est
768 723 1016 785 redditus,
1038 725 1344 784 iubentium,
1368 721 1598 772 duceret
1615 721 1745 770 Diis
1767 737 1980 771 secun-

430 791 517 840 dis
531 829 544 852 ‚
586 799 639 840 et
668 799 939 858 aequaret
964 789 1178 857 gloria,
1218 805 1350 857 quos
1372 789 1760 838 aemularetur.
1832 787 1979 836 Lae-

428 871 510 908 tus
531 858 610 906 his
636 858 1086 906 acclamationibus
1109 857 1175 906 ad
1193 857 1364 906 hostes
1384 859 1619 923 protinus
1649 867 1818 904 castra
1846 873 1978 904 mo-

428 925 519 976 vit.
539 924 895 976 Validissimae
916 923 1172 974 Indorum
1192 937 1366 988 gentes
1389 936 1545 985 erant,
1568 935 1615 972 et
1633 923 1844 972 bellum
1864 924 1976 971 im·-

428 994 573 1062 pigre
610 993 881 1058 parabant3
924 991 1211 1056 ducemque
1244 1009 1304 1040 ex
1335 991 1540 1040 natione
1573 989 1656 1039 Ox
1691 989 1976 1042 dracarum

430 1059 683 1126 spectatae
702 1058 899 1108 virtutis
924 1059 1204 1120 elegerant,
1246 1059 1336 1122 qui
1359 1057 1456 1105 sub
1487 1057 1645 1106 radici
1685 1075 1744 1106 us
1775 1059 1972 1107 montis

430 1138 593 1174 castra
609 1125 807 1188 posuit,
844 1124 1047 1186 lateque
1069 1125 1211 1188 ignes
1227 1160 1242 1186 ‚
1283 1136 1342 1172 ut
1363 1125 1586 1190 speciem
1616 1124 1971 1174 multitudinis

428 1202 651 1255 augeret,
674 1189 919 1253 ostendit3
942 1193 1167 1241 clamore
1190 1209 1396 1257 quoque
1414 1211 1472 1241 ac
1484 1193 1563 1241 sui
1583 1193 1742 1243 moris
1761 1193 1976 1244 ululatu

429 1248 735 1310 identidem·
758 1258 1144 1322 adquiescentes
1188 1258 1498 1309 Macedonas
1547 1261 1735 1308 frustra
1775 1272 1970 1309 terrere

360 1347 366 1351 ’
433 1338 663 1376 conatus.
728 1323 840 1376 Iam
861 1328 953 1376 lux
972 1327 1272 1393 apparebat,
1295 1345 1414 1379 cum
1433 1345 1524 1376 rex
1545 1325 1757 1376 fiduciae
1779 1345 1838 1376 ac
1857 1329 1972 1392 spei

432 1397 619 1462 plenus
642 1394 827 1444 alacres
846 1397 1032 1444 milites
1047 1406 1202 1444 arma
1223 1411 1438 1462 capere,
1455 1402 1512 1442 et
1533 1395 1684 1444 exire
1705 1395 1765 1444 in
1787 1394 1968 1443 aciem

432 1463 593 1512 iubet.
651 1461 757 1510 Sed
794 1475 1001 1512 metune
1014 1461 1040 1524 ‚'
1068 1481 1132 1512 an
1171 1463 1418 1512 seditione
1453 1463 1632 1510 oborta
1651 1464 1785 1511 inter
1805 1464 1968 1526 ipsos,

380 1533 399 1546 ²
434 1530 602 1577 subito
624 1529 959 1595 profugerunt
976 1529 1197 1578 barbari.
1236 1529 1382 1578 Certe
1403 1530 1541 1578 avios
1561 1541 1764 1579 montes
1789 1540 1840 1578 et
1859 1530 1970 1577 im-

432 1593 633 1662 peditos
656 1608 1045 1660 occupaverunt.
1068 1597 1308 1661 Quorum
1329 1611 1510 1660 agmen
1531 1615 1622 1645 rex
1642 1599 1828 1646 frustra
1847 1613 1968 1662 per-

434 1675 665 1725 secutus,
688 1663 1058 1729 impedimenta
1079 1666 1230 1729 cepit.
1264 1663 1574 1713 Perventum
1594 1662 1780 1712 deinde
1802 1675 1882 1712 est
1900 1661 1966 1710 ad

433 1729 687 1798 oppidum
708 1730 1112 1798 Oxydracarum,
1135 1733 1190 1782 in
1211 1730 1352 1797 quod
1363 1733 1591 1796 plerique
1613 1732 1965 1798 confugerant,

432 1793 572 1843 haud
592 1797 785 1844 maiore
805 1797 989 1846 fiducia
1007 1800 1301 1860 moenium,
1325 1816 1482 1863 quam
1502 1815 1785 1848 armorum.
1852 1797 1962 1846 Iam

434 1861 739 1910 admovebat
757 1881 863 1924 rex,
884 1881 1005 1912 cum
1022 1876 1162 1912 vates
1177 1882 1389 1913 monere
1407 1882 1528 1914 eum
1540 1868 1718 1932 coepit,
1741 1881 1811 1914 ne
1827 1880 1961 1914 com—

434 1929 695 1987 mitteret,
718 1939 817 1979 aut
838 1941 985 1981 certe
1008 1929 1264 1997 dzff'erret
1283 1929 1634 1983 obsidionem.
1663 1933 1828 1982 Vitae
1847 1933 1960 1980 eius

433 1997 737 2065 periculum
768 1998 1001 2048 ostendi.
1068 1999 1176 2049 Rex
1197 1999 1592 2066 Demophoonta
1637 1999 1716 2065 (is
1741 2016 1962 2064 namque

433 2076 574 2113 vates
596 2065 735 2129 erat)
758 2068 961 2116 intuens
975 2103 995 2126 r
1034 2068 1090 2116 si
1106 2067 1228 2136 quis
1239 2103 1254 2126 ‚
1276 2068 1468 2132 inquit,
1509 2077 1565 2118 te
1588 2069 1704 2118 arti
1721 2076 1852 2116 tuae
1875 2066 1962 2116 in·-

435 2139 647 2180 tentum
668 2141 723 2182 et
744 2143 875 2183 exta
896 2143 1240 2200 spectantem
1259 2135 1338 2184 sic
1359 2135 1668 2202 interpellet
1677 2155 1702 2192 ,·
1735 2151 1846 2184 non
1867 2135 1964 2184 du·-

437 2196 617 2254 bitem,
631 2198 764 2265 quin
786 2199 1155 2251 incommodus
1168 2219 1236 2250 ac
1257 2201 1514 2262 molestus
1532 2201 1717 2253 videri
1725 2201 1965 2269 tibipos-

436 2262 531 2312 eit.
600 2265 667 2312 Et
687 2282 807 2314 cum
829 2269 917 2316 ille
940 2269 1019 2318 ita
1042 2285 1282 2335 pror-sus
1299 2269 1562 2338 futurum
1595 2269 1965 2335 respondisset3

444 2329 733 2393 censesne,
778 2335 957 2399 inquit,
1000 2344 1197 2386 tanta-5·
1229 2353 1343 2396 ree,
1377 2353 1484 2386 non
1495 2335 1775 2403 pecudum
1777 2334 1964 2400 fibrae

438 2407 572 2450 ante
596 2398 774 2450 oculos
793 2399 1025 2450 habenti
1034 2437 1052 2460 ,
1076 2402 1246 2452 ullum
1268 2420 1391 2454 esse
1413 2404 1590 2454 maius
1609 2403 1965 2470 impedimen-

439 2475 573 2525 tum,
590 2483 753 2535 quam
772 2477 953 2518 vatem
962 2471 1354 2535 superstitione
1369 2469 1626 2538 captum?
1649 2471 1757 2521 Nec
1777 2469 1963 2520 diutius

442 2549 597 2597 quam
636 2534 902 2599 respondit
939 2549 1200 2600 moratus,
1251 2537 1533 2588 admoveri
1567 2537 1709 2588 iubet
1745 2535 1961 2587 scalas.-

440 2600 897 2670 cunctantibusque
920 2605 1098 2663 ceteris
1139 2603 1307 2657 evadit
1346 2607 1402 2659 in
1437 2621 1668 2674 murum:
1697 2630 1702 2635 -
1733 2601 1960 2674 Angusta
