2084 3009
418 178 521 236 162
734 222 742 229 .
866 199 872 205 «
941 168 1007 233 Q·
1077 152 1414 232 'CVR'HI

414 283 549 323 sunt.
634 269 777 322 Tum
794 270 883 319 illa
901 284 1126 333 regnum
1145 284 1300 317 suum
1318 302 1336 332 ,
1375 285 1469 319 rex
1494 265 1820 321 Parthienem
1839 290 1933 341 pe·-

418 334 659 391 tiverttnt.
1423 337 1428 343 ’

514 402 665 455 CAP.
698 402 795 457 VI.
841 402 939 453 Hic
956 419 1077 452 vero
1101 403 1276 468 palam
1297 384 1739 469 cupffli‘tatessuas
1761 406 1910 457 solvit
1918 428 1936 470 3

416 473 881 537 continentiamque
904 482 955 519 et
973 468 1412 537 moderationem,
1464 472 1520 519 in
1542 472 1788 519 altissima
1808 491 1935 539 qua-

417 550 512 597 que
533 540 739 589 fortuna
769 538 1048 587 eminentia
1074 538 1238 596 bona,
1277 537 1332 585 in
1365 538 1663 601 superbiam
1696 556 1754 587 ac
1785 540 1935 589 lasci-

388 598 550 657 stiam
568 608 733 656 vertit.
830 604 1027 653 Patrios
1048 620 1219 653 mores
1242 602 1669 668 disciplinamque
1690 604 1936 655 Macedo-

411 690 542 722 num
560 689 742 736 regum
760 671 1031 720 salubriter
1062 681 1402 734 temperatam
1421 706 1436 731 ‚
1497 679 1548 719 et
1567 670 1776 721 civilem
1793 673 1934 723 habi-

412 751 553 801 tum,
588 740 731 789 velut
750 740 939 787 leviora
956 735 1308 800 magnitudine
1329 754 1419 789 sua
1441 736 1658 799 ducem,
1712 738 1936 790 Persicae

412 808 607 873 regiae,
646 823 739 872 par
757 806 993 855 Deorum
1014 804 1280 869 potentiae.
1293 803 1552 867 fastigium
1572 807 1941 857 aemulabatur.

413 871 583 923 Iacere
602 871 749 922 humi
768 869 1156 922 venerabundos
1186 870 1292 935 pati
1322 872 1513 936 coepit3
1567 873 1940 939 paullatimque

415 942 682 990 servilibus
702 939 997 989 ministeriis
1016 948 1096 985 tot
1115 938 1330 987 victores
1343 938 1586 1003 gentium
1606 938 1842 1001 imbuere
1855 977 1868 1002 ,
1894 951 1944 989 et

402 1008 621 1073 ‚captivis
659 1024 805 1072 pares
844 1006 1009 1057 facere
1051 1005 1332 1069 expetebat.
1401 1004 1578 1069 Itaque
1619 1022 1944 1075 purpureum

412 1073 651 1123 diadema
672 1074 973 1122 distinctum
992 1070 1129 1132 albo,
1151 1072 1301 1135 quale
1321 1070 1510 1120 Darius
1539 1072 1818 1134 habuerat,
1859 1092 1944 1121 ca·-

414 1141 513 1208 piti
551 1138 891 1189 circumdedit
904 1174 918 1199 ‚
976 1148 1275 1203 vestemque
1313 1137 1574 1187 Persicam
1609 1142 1824 1199 sumsit3
1881 1158 1943 1190 ne

403 1224 575 1257 -omen
596 1206 811 1273 quidem
838 1206 1056 1262 veritus,
1109 1204 1256 1270 quod
1287 1223 1315 1253 a
1343 1206 1548 1254 victoris
1580 1206 1874 1270 insignibus
1893 1208 1946 1255 in

420 1274 603 1325 devicti
622 1273 859 1325 transiret
880 1271 1132 1321 habitum.
1232 1272 1300 1320 Et
1317 1273 1405 1321 ille
1436 1290 1490 1321 se
1521 1272 1736 1337 quidem
1767 1273 1950 1324 Persa-

418 1359 541 1392 rum
560 1343 725 1409 spolia
740 1353 939 1405 gestare
961 1338 1191 1400 diceban
1223 1338 1317 1387 sed
1337 1340 1578 1389 cumillis
1599 1358 1808 1406 quoque
1827 1360 1952 1391 mo-

348 1460 355 1468 ,
418 1426 501 1459 res
522 1410 783 1471 indueram
838 1408 1232 1473 superbiamque
1254 1404 1454 1457 habitus
1486 1408 1648 1455 animi
1679 1409 1952 1457 insolentia

422 1478 747 1540 sequebatur.
817 1476 1012 1524 Literas
1036 1490 1240 1539 quoque
1255 1510 1268 1534 ,
1313 1488 1434 1537 quas
1457 1475 1510 1522 in
1529 1475 1804 1542 Europam
1827 1477 1956 1525 mit-

421 1552 575 1605 teret,
614 1544 799 1599 veteris
820 1542 992 1589 annuli
1013 1556 1220 1605 gemma
1241 1542 1564 1605 obsignabat:
1603 1543 1690 1605 iis,
1753 1561 1882 1608 quas
1903 1545 1958 1593 in

422 1606 603 1664 Asiam
620 1609 890 1669 scriberet,
910 1608 1057 1658 Darii
1076 1608 1296 1657 annulus
1315 1608 1710 1674 imprimebatur
1727 1629 1740 1671 3
1780 1624 1844 1660 ut
1864 1628 1960 1677 ap-
2041 1626 2043 1629 ⁴

424 1686 639 1742 pareret,
660 1690 827 1727 unum
846 1676 1082 1725 animum
1100 1673 1327 1723 duorum
1347 1692 1454 1723 non
1477 1692 1654 1743 capere
1675 1677 1960 1729 fortunam.

423 1738 637 1793 Amicos
649 1760 769 1793 vero
790 1754 839 1791 et
859 1744 1072 1806 equites,
1094 1758 1316 1807 cumque
1335 1741 1415 1791 his
1428 1770 1432 1784 ι
1440 1744 1698 1809 principes
1711 1746 1961 1806 militum,
2041 1770 2043 1775 2

406 1820 748 1875 ,aspernantes
770 1808 1006 1873 quidem,
1028 1808 1120 1859 sed
1136 1825 1369 1858 recusare
1389 1826 1495 1858 non
1516 1827 1693 1877 ausos,
1735 1810 1961 1861 Persicis

426 1888 691 1928 ornaverat
725 1875 969 1927 vestibus.
1073 1874 1286 1925 Pellices
1329 1891 1424 1925 ccc
1467 1888 1517 1926 et
1555 1891 1654 1937 LX,
1733 1879 1961 1928 totidem

426 1958 553 2010 quot
571 1944 715 1994 Darii
734 1944 950 2005 fuerant,
969 1943 1164 2007 regiam
1183 1943 1492 2008 implebant3
1514 1960 1637 2007 quas
1659 1944 1964 2010 spadonum

422 2027 629 2076 greges,
660 2023 711 2062 et
749 2010 847 2077 ipsi
876 2010 1150 2059 muliebria
1188 2011 1292 2075 pati
1329 2012 1544 2071 assueti,
1587 2012 1963 2075 sequebantur.

423 2077 562 2128 Haec
579 2081 705 2132 luxu
736 2091 785 2129 et
818 2078 1102 2145 peregrinis
1131 2077 1317 2125 infecta
1347 2078 1576 2127 moribus
1607 2070 1966 2127 veteres‘Pbi-

424 2142 553 2209 lippi
571 2146 775 2206 milites,
794 2144 937 2200 rudis
960 2146 1096 2192 natio
1117 2142 1182 2192 ad
1201 2145 1504 2209 voluptates,
1544 2144 1723 2209 palam
1748 2162 1965 2194 aversa-

423 2210 635 2272 bantur-3
692 2214 914 2276 totisque
936 2212 1113 2261 castris
1143 2227 1277 2259 unus
1301 2212 1538 2259 omnium
1557 2228 1739 2261 seusus
1763 2229 1831 2260 ac
1851 2228 1970 2260 ser-

423 2292 514 2326 mo
536 2289 656 2335 erat,
666 2277 805 2345 plu-s·
825 2277 1096 2328 amissum·
1108 2277 1364 2336 victoria,
1379 2293 1546 2345 quam
1565 2275 1700 2326 bello
1723 2276 1972 2347 quaesi·-

426 2352 541 2396 tum
562 2360 702 2392 esse.
777 2346 911 2394 Tum
930 2345 1165 2394 niaxime
1185 2345 1338 2393 vinci
1355 2346 1503 2411 ipsos
1515 2379 1530 2403 ,
1557 2342 1804 2413 dedique
1826 2344 1975 2393 alie·

426 2410 517 2461 nis
552 2408 789 2460 moribus
828 2418 888 2459 et
924 2412 1168 2460 extet-'nis
1181 2429 1198 2460 :
1237 2420 1434 2463 tantae
1473 2428 1656 2461 morae
1687 2412 1976 2480 pretium,

400 2530 414 2543 ὢ
427 2478 611 2527 domo-5·
632 2475 801 2545 quasi
816 2476 875 2525 in
896 2477 1118 2542 captivo
1139 2476 1335 2526 habitu
1359 2494 1702 2527 reversuro-5.
1774 2478 1974 2527 Pude-

432 2556 490 2591 re
509 2543 623 2592 iam
638 2544 743 2593 sui.
808 2544 1048 2609 Regem,
1098 2543 1264 2593 victis·
1286 2562 1450 2612 quam
1468 2542 1780 2595 victoribus
1806 2542 1976 2594 simi-

427 2603 633 2671 liorem,
655 2626 721 2659 ex
740 2608 1108 2661 Macedoniae
1131 2609 1461 2679 imperatore
1481 2604 1656 2662 Darii
1673 2613 1980 2680 Satrapen

264 538 279 560 l
