2084 3009
398 203 807 272 SVPPL.1NQ.
829 169 1148 258 cvarrvM
1167 205 1228 256 L.
1245 204 1338 277 11„
1410 223 1418 230 ·
1495 193 1626 270 ³435
1705 279 1707 286 A

88 324 191 376 que
220 318 276 358 et
293 307 487 370 Patara,
514 309 711 358 nobilia
730 309 791 356 iis
812 308 1110 372 regionibus
1131 307 1338 374 oppida,
1373 325 1492 358 cum
1512 311 1626 361 aliis

49 395 55 399 ’
85 377 381 428 minoribus
403 377 601 425 circiter
620 377 841 440 triginta,
862 377 915 424 in
934 375 1090 424 fidem
1113 377 1332 441 accipitt'
1366 377 1623 442 rebusque

85 445 307 503 satisffin
346 458 587 509 praesens
631 443 959 508 compositis,
1003 445 1058 491 in
1096 443 1324 510 Myliada
1376 445 1626 508 procedit.
1696 476 1703 482 ,

88 511 344 578 Phrygiae
367 512 578 561 maioris
600 511 771 574 portio
792 510 976 576 Mylias
998 522 1098 571 est3
1130 509 1222 558 sed
1241 509 1518 560 Persarum
1537 529 1627 561 re·-

84 581 239 642 gibus
261 580 528 644 placuerat
547 577 731 646 Lyciae
754 593 863 626 eam
888 578 1159 626 contribui.
1227 577 1360 626 Eam
1389 577 1518 627 dum
1537 596 1628 628 re-

86 647 231 712 cipit,
271 643 481 693 adfuere
502 643 877 692 Phaselitanun
898 644 1066 706 legati,
1106 645 1386 694 amicitiam
1407 657 1628 706 orantes,

82 715 403 777 aureamque
426 727 675 760 coronam
684 711 929 776 hospitale
943 711 1143 759 donum
1157 713 1460 760 afferebant:
1482 711 1627 761 idem

83 781 335 847 petebant
366 779 653 827 multarum
682 778 891 826 urbium
912 789 1140 826 oratores
1169 795 1234 826 ex
1255 779 1495 826 inferiore
1514 779 1628 844 Ly·-

82 849 179 896 cia.
236 847 419 910 Itaque
438 855 547 906 rex,
569 846 875 909 praemissis,
908 845 1092 908 quibus
1115 844 1304 909 oppida
1315 861 1412 906 ,sua
1431 841 1626 894 Phase-

80 916 173 964 lita
228 913 477 980 Lyeinue
506 911 781 970 trad-erent,
822 911 997 976 paucis
1028 923 1149 976 post
1181 911 1361 960 diebus
1380 911 1626 960 Phaselin

79 1000 177 1049 pro
206 992 351 1030 ectus
373 989 461 1028 est.
518 978 904 1044 oppugnabant
920 977 999 1024 illi
1020 989 1134 1026 tum
1153 979 1376 1026 maxime
1395 977 1628 1026 validum

81 1047 422 1115 praesidium,
456 1045 595 1111 quod
619 1047 673 1094 in
694 1046 929 1108 ipsorum
950 1043 1147 1092 ditione
1166 1043 1364 1097 Pisidae
1387 1055 1628 1094 constru-

80 1127 289 1176 xerant,
308 1115 601 1178 multasque
624 1111 745 1160 inde
765 1111 973 1160 iniurias
994 1111 1272 1160 intulerant
1293 1112 1494 1159 aceolis.
1561 1111 1628 1160 Id.
1685 1163 1688 1166 ,

82 1183 321 1233 adventu
344 1178 627 1230 Alexandri
644 1179 793 1228 brevi
823 1189 1033 1244 captum
1052 1179 1168 1226 fuit.
1239 1177 1400 1244 Apud
1430 1177 1626 1226 Phase-

80 1252 207 1301 litas‘
244 1249 506 1315 plusculos
540 1247 669 1312 dies,
707 1257 767 1294 ut
797 1261 952 1310 seque
984 1256 1037 1292 et
1067 1246 1348 1294 exercitum
1370 1246 1623 1306 reficeret,

78 1318 253 1384 quieti
292 1315 450 1364 dedit.
509 1313 763 1362 Invitabat
798 1312 955 1380 etiam
987 1323 1202 1375 *tempus
1241 1313 1386 1372 anni3
1432 1313 1624 1375 quippe

80 1384 269 1436 media
288 1384 393 1432 iam
412 1382 578 1430 hiems
600 1377 830 1437 difficiles
852 1377 1202 1442 progredienti
1230 1377 1336 1426 vias
1367 1380 1623 1427 effecerat.

76 1453 167 1504 Ibi
198 1468 297 1516 per
324 1449 651 1498 hilaritatem
664 1455 715 1494 et
735 1445 911 1510 epulas
942 1445 1112 1492 laxato
1145 1445 1336 1504 animo,
1375 1459 1498 1492 cum
1518 1456 1628 1492 sta-

78 1519 237 1571 tuam
252 1515 537 1565 Theodecti
557 1531 587 1561 a
606 1513 799 1562 civibus
821 1511 924 1558 suis
946 1512 1001 1559 in
1022 1511 1136 1560 foro
1157 1513 1381 1578 positam
1399 1510 1625 1574 vidisset,

76 1599 143 1636 ut
166 1605 198 1634 a
222 1601 381 1634 coena
398 1583 712 1632 temulentus
738 1589 1043 1638 surrexerat,
1065 1578 1398 1627 saltabundus
1414 1595 1474 1626 eo
1497 1595 1627 1642 pro-

82 1654 261 1712 cessit,
301 1651 694 1714 frequentesque
726 1647 773 1694 ei
802 1661 1017 1694 coronas
1040 1646 1230 1694 iniecit.
1288 1645 1424 1694 Nam
1445 1645 1627 1692 Theo-
1675 1666 1679 1672 ·

80 1722 295 1780 electen,
317 1733 437 1766 cum
456 1713 789 1764 Aristotelem
810 1730 913 1760 una
933 1711 1146 1773 audiret,
1175 1713 1485 1761 familiarem
1506 1728 1628 1776 gra-

84 1802 313 1851 tumque
334 1783 595 1832 habuerat.
651 1779 757 1830 Sed
786 1780 979 1830 otiosos
1012 1780 1246 1828 iuvenilis
1287 1779 1445 1828 animi
1481 1780 1625 1829 lusus

88 1869 246 1906 atrox
268 1869 297 1900 a
314 1850 655 1899 Parmenione
674 1847 884 1896 nuntius
920 1847 1019 1894 cito
1042 1846 1299 1895 discussit.
1369 1845 1628 1910 Compreg-

89 1920 345 1971 hender-at
372 1918 460 1966 ine
481 1914 690 1964 Persam
730 1912 993 1978 quendam
1028 1909 1556 1974 Asisinem‘nomine,
1595 1919 1626 1959 a

89 2003 217 2050 rege
234 1986 393 2034 Dario
413 1983 587 2050 palam
606 1981 820 2045 quidem
850 1979 917 2028 ad
935 1977 1174 2046 Atyziem
1192 1979 1440 2042 Phrygiae
1457 1991 1626 2029 satra-

90 2070 221 2122 pam
244 2053 477 2113 missum,
498 2047 591 2098 sed
614 2063 733 2095 cum
754 2047 963 2095 occultis
982 2045 1253 2105 mandatis,
1292 2052 1354 2091 ut
1373 2042 1626 2092 Alexan-

93 2124 262 2174 drum
280 2123 593 2186 Lyncea-ten
614 2122 847 2180 captata
868 2111 1154 2161 occasione
1183 2118 1400 2159 secreto
1421 2125 1626 2160 conve-

92 2189 266 2248 niret,
308 2187 481 2254 eique,
522 2183 577 2232 si
603 2181 885 2230 destinata
919 2177 1214 2244 effecisset,
1255 2177 1628 2228 Macedoniae

93 2271 341 2322 regnum
361 2261 417 2302 et
446 2249 593 2301 mille
624 2249 855 2314 insuper
874 2245 1005 2296 auri
1020 2243 1240 2294 talenta
1251 2241 1626 2310 polliceretur.
1673 2247 1676 2250 ’

88 2326 239 2376 Nam
260 2322 321 2383 is,
343 2337 461 2370 cum
482 2315 709 2384 Amynta
728 2315 989 2376 transfuga
1010 2313 1225 2368 ‚scelesto
1245 2313 1465 2360 consilio
1484 2313 1624 2372 inito,

93 2388 375 2441 occidendi
390 2388 523 2451 regis
544 2397 711 2452 partes
733 2385 830 2433 sibi
850 2391 1122 2430 sumserat.
1153 2378 1353 2428 Oderat
1371 2393 1492 2426 eum
1511 2389 1626 2426 tum

90 2459 212 2509 aliis
236 2457 301 2506 de
324 2455 485 2505 causis
498 2491 511 2514 ,
552 2465 669 2502 tum
690 2451 829 2516 quod
848 2449 1201 2498 Heromeuem
1216 2457 1270 2494 ‘et
1289 2441 1628 2518 Asi-abacum,

90 2529 278 2577 fratres
304 2524 455 2572 huius
476 2519 776 2579 Alexandri,
816 2519 949 2566 inter
978 2526 1216 2580 paternae
1236 2513 1374 2560 necis
1396 2513 1628 2560 conscios

94 2593 355 2660 supplicio
378 2589 640 2642 affecisset.
696 2587 767 2637 Et
796 2600 1116 2704 quamquug
1135 2584 1240 2648 ipse
1261 2595 1427 2646 poena
1439 2595 1620 2630 exem-

1135 2667 1162 2700 e
1182 2666 1215 2699 2
