2084 3009
430 211 498 263 50
764 199 832 265 Q.
899 196 1229 251 CVRTII
1278 196 1445 248 LIB.
1495 194 1609 249 ΠΙ.

430 320 552 355 cum
569 304 674 353 filio
697 311 904 366 excepta
925 312 1026 349 est:
1056 299 1306 349 Mentoris
1324 299 1458 348 filiae
1476 309 1609 359 tres:
1652 314 1713 347 ac
1732 298 1962 349 nobilis·-

431 374 550 423 simi
589 370 732 419 ducis
752 368 1049 418 Memnonis
1090 366 1278 415 coniux
1318 378 1367 414 et
1406 367 1559 415 filius.
1628 364 1832 431 Vixque
1852 368 1963 416 ulla

433 427 618 489 domus
638 436 902 501 purpurati
924 435 1021 482 fuit
1042 424 1211 482 tantae
1235 432 1393 483 cladis
1415 450 1613 499 expers.
1690 430 1965 483 Lacedae-

430 505 596 555 monii
631 520 839 572 quoque
881 513 929 550 et
948 498 1287 549 Athenienses
1325 501 1581 549 societatis
1622 498 1727 548 fide
1764 502 1963 550 violata

430 572 612 622 Persas
654 570 836 619 secuti:
894 566 1215 631 Aristogiton
1228 604 1241 629 ,
1296 566 1553 633 Dropides
1587 578 1639 616 et
1656 565 1961 631 Iphicrates,

432 640 566 687 inter
583 635 920 686 Athenienses
960 650 1151 698 genere
1187 634 1421 697 famaque
1461 636 1617 697 longe
1658 636 1961 697 clarissimi3

429 702 838 763 Lacedaemonii,
858 702 1141 766 Pausippus
1161 713 1213 750 et
1232 700 1677 763 Onomastorides,
1700 717 1822 749 cum
1832 698 1964 751 Μο-

407 770 412 773 ’
434 774 580 820 nimo
602 781 652 818 et
669 768 1009 827 Callicratide,
1031 770 1068 815 ii
1090 785 1294 832 quoque
1316 767 1462 816 domi
1481 768 1701 817 nobiles.
1737 768 1963 819 Summa

431 838 678 903 pecuniae
717 837 936 899 signatae
965 834 1069 884 fuit‘
1080 837 1399 883 talentorum
1422 834 1525 882 duo
1547 836 1715 882 millia
1735 846 1785 883 et
1806 852 1964 885 sexa-

435 906 598 969 ginta3
619 904 734 951 facti
755 903 947 966 argenti
967 901 1171 967 pondus
1194 903 1471 966 quingenta
1490 902 1753 971 aequabat.
1786 902 1966 961 ‚Prae-

391 996 398 1000 ·
435 982 573 1032 terea
609 971 812 1034 triginta
831 970 993 1017 millia
1014 968 1288 1017 hominum
1309 1004 1323 1030 ,
1365 985 1487 1017 cum
1508 980 1707 1034 septem
1722 970 1965 1020 millibus

365 1053 370 1062 ²
436 1040 788 1086 iumentorum
801 1072 814 1097 ,
875 1034 1030 1083 dorso
1070 1052 1226 1083 onera
1251 1036 1599 1101 portantium,
1661 1049 1809 1101 capta
1828 1048 1969 1085 sunt.

438 1102 682 1153 Ceterum
710 1104 794 1151 Dii
829 1112 996 1150 tantae
1015 1102 1250 1151 fortunae
1271 1101 1596 1168 proditorem
1618 1098 1966 1169 [sepulturae]

439 1170 666 1231 celeriter
687 1168 858 1216 debita
887 1184 1056 1231 poena
1075 1170 1332 1233 persecuti
1357 1181 1494 1217 sunt.
1562 1170 1802 1233 Namque
1824 1188 1966 1219 unus

438 1253 465 1285 e
487 1236 702 1295 consciis
725 1236 846 1294 eius,
888 1232 1059 1295 credo,
1097 1236 1230 1298 regis
1250 1237 1433 1297 vicem,
1449 1237 1619 1283 =etiam
1639 1236 1694 1283 in
1716 1238 1808 1285 illa
1828 1249 1968 1287 sorte

439 1303 683 1352 reveritus
696 1337 710 1363 ,
747 1300 999 1349 interfecti
1019 1300 1297 1365 proditoris
1320 1314 1473 1367 caput
1502 1302 1569 1351 ad
1587 1302 1811 1352 Darium
1829 1305 1969 1366 tulit,

440 1384 792 1435 opportunum
813 1369 1055 1417 solatium
1073 1358 1307 1433 prodito:
1340 1370 1529 1434 quippe
1551 1381 1601 1417 et
1620 1370 1761 1418 ultus
1782 1371 1968 1419 inimi-

443 1452 562 1485 cum
600 1448 704 1486 erat
716 1472 730 1497 ,
790 1447 838 1485 et
857 1434 1094 1485 nondum
1113 1436 1165 1482 in
1186 1437 1423 1483 omnium
1442 1435 1627 1487 animis
1647 1439 1963 1489 memoriam

442 1503 716 1553 maiestatis
756 1519 874 1553 suae
895 1502 1178 1553 exolevisse
1198 1502 1455 1552 cernebat.
1926 1516 1931 1521 ·
