2084 3009
431 152 538 208 190
959 140 1034 208 Qs
1100 140 1428 193 CVRTII

428 254 608 301 metus
628 242 721 296 sui
738 258 967 293 causam
980 240 1014 289 ?
1054 242 1308 312 Denique
1337 259 1445 293 non
1478 242 1725 293 ostendit
1746 256 1960 299 aucto-

337 355 346 362 ,
429 332 570 375 rem,
629 328 731 382 quo
737 309 908 380 sacto
939 310 1161 361 dictove
1182 317 1373 359 nostro
1392 318 1541 359 mota
1560 318 1677 359 tam
1696 315 1965 379 trepidas

428 381 536 435 tibi
587 380 787 433 literas
845 376 1091 445 scripsit.
1166 378 1211 427 Ο
1266 378 1523 427 miseram
1585 378 1965 433 conditionem

428 465 632 509 meam,
672 446 763 497 cui
790 443 1036 515 forsitan
1078 461 1186 495 non
1211 442 1584 512 periculosius
1624 454 1711 495 est
1746 455 1961 506 tacere,

430 534 596 588 quam
617 514 830 565 dicere!
869 512 980 563 Sed
997 521 1168 561 utcun
1209 530 1276 561 ue
1294 527 1518 561 cessura
1539 527 1632 561 res
1653 520 1745 561 est
1758 550 1771 574 ,
1812 514 1965 565 malo

429 583 536 636 tihi
555 581 932 647 defensionem
953 596 1127 630 meam
1186 575 1443 645 ispsscere
1457 613 1472 639 ,
1528 595 1691 645 quam
1713 596 1965 632 causam.

299 653 306 661 '
349 690 358 697 .
429 652 722 721 Agnosces
743 657 953 707 autem,
1024 662 1128 693 uae
1148 645 1397 695 dicturus
1416 660 1539 695 sum
1548 664 1575 703 ,·
1588 646 1820 725 -quippe
1840 666 1965 697 me..

431 718 660 773 ministi,
683 731 801 764 cum
822 732 904 763 me
926 730 962 761 a
1011 712 1399 779 per-ducendos
1418 729 1489 760 ex
1500 712 1838 763 Macedonia
1856 715 1967 765 mi-

430 784 562 835 lites
581 783 828 833 mitteres
840 814 857 839 ,
879 780 1094 829 dixisse
1112 787 1171 837 te
1183 815 1199 837 ,
1219 780 1409 828 multos
1428 780 1652 843 integros
1672 782 1886 831 iuvenes
1907 783 1965 832 in

432 852 591 900 domo
613 862 728 899 tuae
748 849 924 897 matris
945 846 1208 897 abscondi.
1273 844 1624 911 Praecepisti
1653 846 1841 915 igitur
1858 851 1969 899 mi·-

433 918 509 978 Ιιί,
529 936 596 968 ne
617 932 773 983 quem
791 926 994 982 praeter
1011 925 1064 961 te
1080 915 1338 975 intuerer,
1382 912 1477 961 sed
1496 912 1840 965 detrectantes
1858 917 1969 965 mi·-

431 987 600 1035 litiam
619 982 955 1051 perducerem
974 980 1041 1028 ad
1061 992 1129 1028 te.
1202 978 1759 1048 Quodequidemfeci
1767 1016 1785 1040 ,
1812 991 1875 1031 et
1893 982 1969 1032 li·-

436 1052 633 1109 berz’us,
658 1066 822 1117 quam
841 1046 1179 1114 expediebat
1196 1045 1333 1096 mihi
1341 1082 1359 1105 ‚
1397 1055 1695 1097 essecutus
1714 1066 1843 1098 sum
1864 1067 1971 1099 zm-

427 1119 652 1189 perium
673 1124 844 1165 tuum.
917 1113 1197 1181 Gorgian,
1234 1114 1549 1163 Hecateum
1568 1122 1627 1163 et
1650 1115 1971 1184 Gorgatan,

436 1200 667 1249 quorum
687 1181 829 1231 bona
850 1195 1022 1245 opera
1043 1179 1247 1237 uteris,
1306 1179 1436 1229 inde
1446 1180 1716 1247 perduxi.
1830 1182 1973 1251 Quid

437 1250 620 1321 igitur
641 1247 884 1315 iniquius
906 1254 1021 1305 est,
1082 1262 1251 1315 quam
1270 1264 1382 1306 me,
1421 1247 1521 1314 qui
1537 1247 1591 1297 si
1610 1248 1717 1297 tibi
1731 1265 1846 1299 non
1864 1266 1973 1316 pa-

439 1318 688 1377 ruissem,
710 1316 831 1365 iure·
853 1313 1093 1375 daturus
1084 1312 1198 1429 {ui
1204 1329 1434 1429 poenas,
1458 1331 1603 1363 nunc
1615 1316 1817 1381 perire
1840 1320 1973 1385 quia

433 1384 603 1455 parui
615 1382 646 1432 Ρ
669 1384 862 1451 Neque
883 1380 1025 1430 enim
1043 1397 1082 1429 u
1100 1414 1103 1417 -
1124 1397 1204 1430 aa
1228 1380 1285 1429 ia
1295 1382 1464 1431 matri
1482 1390 1614 1430 tuae
1624 1398 1972 1453 persequen-

384 1484 386 1487 >
441 1455 500 1505 di
517 1468 622 1502 nos
641 1466 818 1500 causa
837 1456 952 1506 est,
993 1460 1159 1515 quam
1180 1448 1331 1517 quod
1350 1446 1650 1498 utilitatem
1670 1458 1836 1500 tuam
1855 1468 1973 1502 mu·-

439 1518 599 1569 liebri
612 1514 1040 1582 praeposuimus
1058 1515 1305 1583 gratiae.
1373 1516 1481 1563 Sex
1505 1514 1679 1563 millia
1698 1518 1973 1568 Macedo-

439 1600 568 1635 num
579 1583 861 1651 peditum,
885 1588 941 1630 et
959 1580 1069 1631 Do
1082 1580 1295 1648 equites
1310 1580 1556 1643 adduxi,
1578 1599 1818 1649 quorum
1832 1601 1973 1651 pars

439 1661 695 1701 secutura
715 1666 798 1699 me
818 1664 926 1697 non
946 1656 1099 1705 erat,
1159 1646 1213 1695 si
1228 1645 1483 1698 militiam
1512 1648 1972 1702 detrectantibus

437 1712 730 1785 indulgere
749 1714 1062 1767 voluissem.
1132 1714 1392 1779 Sequitur
1414 1732 1474 1763 er
1519 1732 1549 1764 o
1561 1749 1579 1774 ‚
1602 1724 1665 1765 ut
1678 1753 1693 1779 ,
1713 1719 1855 1784 quia
1873 1719 1973 1769 illa

436 1792 664 1853 propter
677 1782 825 1831 hanc
855 1796 1086 1830 causam
1114 1780 1377 1829 irascitur
1406 1798 1477 1831 no
1516 1782 1589 1841 ie,
1645 1792 1711 1834 tu
1738 1786 1971 1855 mitiges

438 1858 694 1906 matrem,
770 1849 826 1897 ui
848 1848 968 1896 irae
988 1848 1111 1895 eius
1131 1863 1232 1895 nos
1253 1844 1513 1897 obtulisti.
1846 1872 1851 1877 ·

515 1918 521 1923 ¹
541 1913 692 1965 CAP.
773 1915 792 1961 '.
829 1916 832 1921 '
859 1913 1002 1961 Dum
1019 1912 1144 1961 haec
1165 1912 1417 1979 Amyntas
1440 1916 1568 1979 agit,
1618 1916 1759 1967 forte
1780 1936 1967 1986 super-

439 1994 712 2045 venerunt,
755 1981 843 2047 qui
856 1980 1067 2029 fratrem
1087 1981 1193 2028 eius
1212 1979 1576 2044 Polemonem,
1632 1982 1701 2032 de
1721 2002 1833 2050 quo
1854 2000 1967 2039 ante

439 2052 637 2101 dictum
657 2062 759 2109 est,
800 2048 1085 2111 fugientem
1104 2048 1363 2095 consecuti
1382 2049 1613 2098 vinctum
1631 2050 1967 2104 reducebant.

435 2118 632 2169 Infesta
651 2116 830 2165 concio
850 2116 936 2163 vix
954 2114 1173 2163 inhiberi
1190 2114 1386 2180 potuit,
1442 2117 1567 2179 quin
1597 2120 1839 2183 protinus
1872 2138 1967 2169 suo

437 2202 584 2234 more
606 2200 726 2235 saxa
745 2186 799 2231 ‘m
819 2198 942 2231 eum
960 2182 1160 2231 iaceret.
1245 2178 1416 2246 Atque
1437 2182 1526 2231 ille
1546 2201 1665 2233 sane
1687 2184 1968 2249 interritu‘s,

441 2249 579 2301 nihil
593 2252 773 2314 inquit,
785 2264 893 2315 pro
915 2266 997 2298 me
1016 2248 1273 2315 deprecor
1284 2266 1310 2305 ,·
1350 2248 1505 2297 modo
1526 2266 1593 2298 ne
1598 2249 1865 2317 fratrum
1884 2254 1972 2303 in—

440 2318 730 2369 nocentiae
742 2314 904 2385 fuga
936 2316 1235 2383 imputetur
1264 2328 1402 2365 mea.
1469 2316 1630 2365 Haec
1664 2319 1717 2367 si
1748 2319 1976 2385 defendi

441 2400 554 2435 non
564 2390 772 2450 potest,
813 2398 984 2431 meum
1005 2380 1210 2431 crimen
1230 2382 1325 2431 sit.
1395 2382 1607 2433 Horu-m
1620 2383 1687 2435 ob
1706 2386 1769 2435 id
1784 2388 1975 2453 ipsum

441 2448 631 2501 melior
650 2458 736 2498 est
754 2464 943 2506 causa,
967 2448 1117 2515 quod
1132 2465 1254 2515 ego,
1278 2449 1375 2517 qui
1389 2448 1645 2520 profugi,
1671 2464 1975 2518 suspectus

442 2532 578 2567 sum.
644 2514 718 2565 At
744 2516 870 2564 haec
902 2517 1102 2564 elocuto
1140 2517 1373 2565 universa
1412 2518 1590 2565 concio
1628 2536 1835 2569 assensa
1876 2534 1971 2572 est.

441 2581 705 2633 Lacrimae
735 2578 921 2631 deinde
942 2581 1182 2632 omnihus
1202 2598 1411 2634 manare
1432 2598 1738 2649 coeperunt,
1760 2586 1898 2639 adeo
1920 2590 1973 2639 in

487 2666 512 2680 Q
