2084 3009
568 22 645 71 Ο.

294 98 303 109 ’
368 90 526 203 ⁸112
745 162 751 167 ·
945 139 1016 204 Q.
1081 112 1408 191 c'vn‘rn

423 256 532 305 sto,
576 240 662 291 vix
693 235 989 289 sufficiendo
1020 238 1164 303 operi
1198 237 1404 287 firmum
1437 232 1702 300 reperiunt
1735 229 1951 293 solum;

424 325 605 359 arenae
640 318 815 355 autem
848 302 1065 353 subinde
1102 304 1418 364 cumulatae,
1457 312 1510 350 et
1542 300 1675 349 saxis
1689 335 1704 361 ‚
1747 298 1951 363 quibus

423 392 552 441 pons
570 374 846 421 sustinetur
858 370 1097 430 adnexae,
1117 380 1386 417 morantur
1405 384 1638 425 amnem3
1659 366 1750 429 qui
1771 377 1953 413 reten-

424 454 510 490 tus
528 440 707 499 acrius,
729 454 884 502 quam
904 438 945 485 si
965 436 1127 489 libero
1149 450 1302 483 cursu
1320 444 1530 495 mearet,
1553 431 1794 481 illiditur.
1837 428 1950 479 Ar·-

426 517 541 556 oem
558 522 762 569 quoque
782 504 978 555 ambitu
990 498 1078 551 'xx
1096 500 1254 555 stadia
1275 501 1598 563 complexam
1613 495 1792 545 habet.
1827 510 1953 549 xxx

424 572 583 639 pedes
608 572 661 619 in
693 581 886 625 terram
917 568 1139 621 tux-rium
1172 564 1508 618 fundamenta
1539 560 1768 613 demissa
1801 573 1953 611 sunt:

425 638 492 689 ad
529 652 681 687 zm
718 651 983 689 summum
1028 632 1338 684 munimenti
1387 632 1670 694 fastigium
1697 629 1953 695 pervenit.

426 705 595 768 Super
615 718 728 751 arce
751 703 1019 764 vulgatum
1042 698 1364 751 Graecorum
1393 696 1580 746 sabulis
1611 695 1950 755 miraculum,

425 771 647 837 pensiles
665 767 801 815 horti
823 778 969 829 sunt,
1034 781 1295 841 summan)
1313 779 1587 813 murorum
1617 760 1952 810 altitudinem

398 840 407 851 ‘
428 845 727 899 aequantes,
764 834 1150 895 multarumque
1170 830 1412 879 arborum
1433 828 1614 876 umbra
1638 839 1690 875 et
1708 828 1951 893 proceri-

429 912 531 956 tatc
553 898 773 949 amoeni.
841 898 977 947 Saxo
998 898 1158 963 pilae,
1189 914 1317 963 quae
1337 903 1504 960 totum
1525 910 1653 942 onus
1675 894 1949 954 sustinent,

433 968 708 1016 instructae
744 975 887 1012 sunt:
924 981 1077 1029 super
1109 958 1247 1028 pilas‘
1277 959 1448 1025 lapide
1485 958 1733 1023 quadrato
1772 960 1950 1009 solum

369 1046 373 1055 ‘
432 1043 647 1081 stratum
668 1028 985 1093 est,‘Patiens
1009 1042 1200 1089 terrae,
1243 1044 1399 1097 quam
1417 1028 1572 1075 altam
1593 1026 1857 1087 iniiciunt3
1900 1034 1951 1071 et

430 1096 677 1156 humoris,
729 1112 831 1157 quo
852 1096 1218 1159 rigantterras:
1271 1093 1498 1156 adeoque
1517 1090 1711 1140 validas
1733 1092 1949 1141 arbores

430 1162 681 1210 sustinent
717 1160 901 1219 moles,
956 1170 1016 1210 ut
1055 1160 1252 1222 stipites
1291 1174 1470 1207 earum
1507 1172 1612 1205 ’ΠΗ
1650 1157 1950 1206 cubitorum

430 1228 654 1293 spatium
673 1224 1001 1273 crassitudine
1020 1236 1255 1288 aequent,
1275 1225 1333 1281 'm
1350 1240 1382 1271 n
1403 1223 1597 1290 pedum
1615 1222 1949 1271 altitudinem

430 1293 705 1350 emineant,
750 1302 801 1339 et
820 1291 1088 1355 frugiferae
1113 1292 1229 1351 sint,
1265 1300 1324 1341 ut
1343 1291 1384 1337 si
1403 1302 1538 1339 terra
1558 1306 1648 1339 sua
1669 1290 1950 1337 alerentur.

394 1360 495 1422 ‚Et
529 1375 647 1407 cum
680 1368 903 1408 vetustas
941 1374 1045 1413 non
1078 1374 1234 1422 opera
1267 1359 1439 1405 solum
1471 1366 1628 1405 manu
1661 1356 1809 1415 facta,
1853 1352 1949 1404 sed

420 1426 584 1475 etiam
640 1417 807 1491 ipsam
840 1435 1076 1472 naturam
1109 1424 1376 1491 paulatim<
1392 1416 1658 1471 exedendo
1694 1422 1946 1487 perimat:

425 1490 553 1541 haec
588 1492 780 1550 moles,
820 1507 951 1552 quae
986 1500 1066 1537 tot
1099 1490 1348 1543 arborum
1381 1488 1640 1537 radicibus
1674 1488 1944 1553 premitur,

426 1558 655 1619 tantique
674 1556 901 1602 nemoris
914 1554 1150 1619 *pondere
1164 1566 1368 1603 onerata
1394 1566 1482 1615 est,
1502 1555 1742 1603 inviolata
1761 1552 1944 1613 durat3

425 1624 613 1686 quippe
630 1620 709 1667 'xx
727 1620 815 1666 lati
835 1620 1051 1683 parietes
1073 1622 1343 1681 sustinent,
1381 1620 1622 1675 undecim
1639 1618 1840 1686 pedum
1857 1620 1966 1683 ἰπὶ--ι

424 1686 635 1734 tervallo
656 1684 921 1746 distantes,
988 1696 1045 1733 ut
1062 1688 1246 1750 procul
1264 1686 1542 1735 visentibus
1565 1688 1718 1735 silvae
1739 1686 1944 1735 monti·-

423 1751 520 1799 bus
540 1751 641 1798 suis
662 1752 931 1798 imminere
954 1750 1237 1801 videantur.
1305 1745 1479 1819 Syriae
1498 1770 1690 1816 regem,
1711 1750 1944 1819 Babylo-

422 1832 487 1863 ne
511 1827 827 1879 regnantem,
851 1814 949 1865 hoc
968 1833 1097 1881 opus
1119 1834 1225 1865 esse
1247 1820 1491 1867 molitum
1509 1820 1790 1867 memoriae
1811 1834 1942 1883 pro-

374 1942 385 1953 ·
424 1880 592 1931 ditum
614 1892 702 1942 est,
726 1898 899 1930 amore
920 1884 1148 1947 coniugis
1168 1884 1389 1935 victum:
1412 1902 1539 1949 quae
1562 1884 1820 1933 desiderio
1844 1901 1943 1932 ne-

420 1964 631 1999 morum
649 1948 991 2012 silvarumque
1004 1950 1057 1996 in
1071 1950 1436 2015 campestribus
1448 1951 1590 2012 locis,
1609 1952 1780 1999 virum
1793 1967 1942 1999 oom-

418 2016 552 2083 pulit
580 2016 945 2064 amoenitatem
970 2027 1177 2065 naturae
1198 2033 1381 2079 genere
1400 2016 1549 2065 huius
1573 2016 1740 2081 operis
1760 2017 1942 2065 Imita-

416 2081 478 2130 ri.
576 2080 779 2130 Diutius
797 2082 849 2129 in
869 2076 1108 2131 hac‘urbe
1131 2098 1285 2147 quam
1315 2090 1534 2147 usquam
1567 2082 1790 2131 constitit
1818 2098 1940 2131 rex:

417 2160 513 2193 nec
529 2148 667 2195 ullus
688 2150 829 2196 locus
852 2146 1144 2213 disciplinae
1165 2150 1372 2197 militari
1389 2151 1554 2213 magis
1575 2149 1767 2197 nocuit.
1835 2148 1938 2197 Ni-

417 2208 492 2259 hil
510 2212 648 2259 urbis
670 2214 790 2262 eius-
798 2216 1080 2279 corruptius
1101 2216 1349 2277 moribus,
1379 2234 1475 2265 uec.
1493 2214 1558 2265 ad
1575 2213 1846 2264 irritandas
1866 2216 1938 2263 ir·-

416 2274 759 2343 liciendasque
780 2278 1083 2330 immodicas
1102 2285 1386 2347 voluptates
1406 2279 1718 2331 instructius.
1838 2280 1938 2329 Li-

414 2341 568 2392 beros
587 2345 925 2408 coniugesque
944 2363 1067 2395 cum
1085 2347 1365 2413 hospitibus
1385 2360 1560 2414 stupro
1583 2348 1718 2396 coire
1731 2382 1745 2408 ‚
1763 2346 1937 2395 modo

413 2408 638 2471 pretium
657 2410 828 2473 flagitii
860 2409 1031 2473 detur,
1099 2425 1332 2476 parentes
1359 2416 1628 2479 maritique
1646 2414 1932 2478 patiuntur.

412 2471 710 2524 Convivales
745 2474 858 2522 ludi
896 2486 1001 2523 tota
1040 2475 1249 2527 Perside
1289 2480 1492 2544 regibus
1530 2480 1932 2545 purpuratisque·

376 2542 379 2553 '
412 2538 551 2591 cordi
574 2552 715 2591 sunt:
736 2539 1240 2608 Babyloniimaxime
1260 2546 1314 2595 in
1330 2548 1524 2609 vinni-115
1545 2556 1594 2595 et
1613 2561 1742 2609 quae
1761 2546 1933 2595 ebrie-
