<?xml version="1.0" encoding="UTF-8"?>
<!DOCTYPE html PUBLIC "-//W3C//DTD XHTML 1.0 Transitional//EN"
    "http://www.w3.org/TR/xhtml1/DTD/xhtml1-transitional.dtd">
<html xmlns="http://www.w3.org/1999/xhtml" xml:lang="en" lang="en">
 <head>
  <title>
</title>
<meta http-equiv="Content-Type" content="text/html;charset=utf-8" />
  <meta name='ocr-system' content='tesseract 3.04.00' />
  <meta name='ocr-capabilities' content='ocr_page ocr_carea ocr_par ocr_line ocrx_word'/>
</head>
<body>
  <div class='ocr_page' id='page_1' title='image "./qcurtiirufihist00freigoog_0396.png"; bbox 0 0 2084 3009; ppageno 0'>
   <div class='ocr_carea' id='block_1_1' title="bbox 419 98 1632 182">
    <p class='ocr_par' dir='ltr' id='par_1_1' title="bbox 419 98 1632 182">
     <span class='ocr_line' id='line_1_1' title="bbox 419 98 1632 182; baseline 0.012 -18"><span class='ocrx_word' id='word_1_1' title='bbox 419 98 745 167; x_wconf 75' lang='lat' dir='ltr'>SVPPL.1&#39;N</span> <span class='ocrx_word' id='word_1_2' title='bbox 766 114 833 182; x_wconf 82' lang='lat' dir='ltr'>Q.</span> <span class='ocrx_word' id='word_1_3' title='bbox 853 113 1167 178; x_wconf 73' lang='lat' dir='ltr'><strong>CVRTIVM</strong></span> <span class='ocrx_word' id='word_1_4' title='bbox 1185 115 1248 166; x_wconf 84' lang='lat' dir='ltr'>L.</span> <span class='ocrx_word' id='word_1_5' title='bbox 1265 115 1310 166; x_wconf 87' lang='lat'>1.</span> <span class='ocrx_word' id='word_1_6' title='bbox 1531 122 1632 178; x_wconf 80' lang='lat'>391</span> 
     </span>
    </p>
   </div>
   <div class='ocr_carea' id='block_1_2' title="bbox 43 212 1717 2612">
    <p class='ocr_par' dir='ltr' id='par_1_2' title="bbox 43 212 1717 2612">
     <span class='ocr_line' id='line_1_2' title="bbox 43 212 1638 283; baseline 0.002 -17"><span class='ocrx_word' id='word_1_7' title='bbox 43 213 47 270; x_wconf 63' lang='grc'>,’</span> <span class='ocrx_word' id='word_1_8' title='bbox 116 231 378 283; x_wconf 82' lang='lat' dir='ltr'>opponere</span> <span class='ocrx_word' id='word_1_9' title='bbox 398 231 506 265; x_wconf 90' lang='lat' dir='ltr'>non</span> <span class='ocrx_word' id='word_1_10' title='bbox 528 229 692 266; x_wconf 85' lang='lat' dir='ltr'>essent</span> <span class='ocrx_word' id='word_1_11' title='bbox 710 217 871 266; x_wconf 82' lang='lat' dir='ltr'>veriti.</span> <span class='ocrx_word' id='word_1_12' title='bbox 920 212 1164 267; x_wconf 68' lang='lat' dir='ltr'>Ceterum</span> <span class='ocrx_word' id='word_1_13' title='bbox 1183 213 1486 281; x_wconf 74' lang='lat' dir='ltr'><strong>Alexander,</strong></span> <span class='ocrx_word' id='word_1_14' title='bbox 1510 220 1638 269; x_wconf 85' lang='lat' dir='ltr'>urbe</span> 
     </span>
     <span class='ocr_line' id='line_1_3' title="bbox 115 281 1636 352; baseline 0.002 -20"><span class='ocrx_word' id='word_1_15' title='bbox 115 297 273 349; x_wconf 77' lang='lat' dir='ltr'>capta,</span> <span class='ocrx_word' id='word_1_16' title='bbox 317 281 387 332; x_wconf 83' lang='lat' dir='ltr'>ad</span> <span class='ocrx_word' id='word_1_17' title='bbox 424 283 699 332; x_wconf 83' lang='lat' dir='ltr'>consilium</span> <span class='ocrx_word' id='word_1_18' title='bbox 742 283 1001 332; x_wconf 77' lang='lat' dir='ltr'>sociorum</span> <span class='ocrx_word' id='word_1_19' title='bbox 1038 286 1230 347; x_wconf 86' lang='lat' dir='ltr'>retulit,</span> <span class='ocrx_word' id='word_1_20' title='bbox 1271 285 1532 352; x_wconf 80' lang='lat' dir='ltr'>quomodo</span> <span class='ocrx_word' id='word_1_21' title='bbox 1571 303 1636 350; x_wconf 57' lang='lat' dir='ltr'>§a</span> 
     </span>
     <span class='ocr_line' id='line_1_4' title="bbox 114 349 1637 413; baseline 0 -13"><span class='ocrx_word' id='word_1_22' title='bbox 114 350 380 402; x_wconf 79' lang='lat' dir='ltr'>utendum</span> <span class='ocrx_word' id='word_1_23' title='bbox 400 349 704 399; x_wconf 73' lang='lat' dir='ltr'>videretur.</span> <span class='ocrx_word' id='word_1_24' title='bbox 733 351 894 399; x_wconf 81' lang='lat' dir='ltr'><strong>Erant</strong></span> <span class='ocrx_word' id='word_1_25' title='bbox 914 351 1045 400; x_wconf 87' lang='lat' dir='ltr'>inter</span> <span class='ocrx_word' id='word_1_26' title='bbox 1063 367 1152 400; x_wconf 85' lang='lat' dir='ltr'>eos</span> <span class='ocrx_word' id='word_1_27' title='bbox 1174 349 1473 413; x_wconf 70' lang='lat' dir='ltr'>Phocenses,</span> <span class='ocrx_word' id='word_1_28' title='bbox 1496 353 1637 400; x_wconf 86' lang='lat' dir='ltr'>mul-</span> 
     </span>
     <span class='ocr_line' id='line_1_5' title="bbox 114 415 1634 482; baseline -0.001 -15"><span class='ocrx_word' id='word_1_29' title='bbox 114 419 249 482; x_wconf 84' lang='lat' dir='ltr'>tique</span> <span class='ocrx_word' id='word_1_30' title='bbox 272 434 337 466; x_wconf 84' lang='lat' dir='ltr'>ex</span> <span class='ocrx_word' id='word_1_31' title='bbox 356 415 581 475; x_wconf 87' lang='lat' dir='ltr'>Boeotis,</span> <span class='ocrx_word' id='word_1_32' title='bbox 628 416 810 481; x_wconf 86' lang='lat' dir='ltr'>quibus</span> <span class='ocrx_word' id='word_1_33' title='bbox 836 417 1218 482; x_wconf 76' lang='lat' dir='ltr'>antiquissimae</span> <span class='ocrx_word' id='word_1_34' title='bbox 1239 435 1359 467; x_wconf 84' lang='lat' dir='ltr'>eum</span> <span class='ocrx_word' id='word_1_35' title='bbox 1377 418 1634 470; x_wconf 83' lang='lat' dir='ltr'>Thebanis</span> 
     </span>
     <span class='ocr_line' id='line_1_6' title="bbox 110 482 1632 552; baseline 0 -20"><span class='ocrx_word' id='word_1_36' title='bbox 110 484 396 536; x_wconf 79' lang='lat' dir='ltr'>discordiae</span> <span class='ocrx_word' id='word_1_37' title='bbox 416 482 655 546; x_wconf 80' lang='lat' dir='ltr'>gravibus</span> <span class='ocrx_word' id='word_1_38' title='bbox 676 501 823 550; x_wconf 80' lang='lat' dir='ltr'>saepe</span> <span class='ocrx_word' id='word_1_39' title='bbox 843 483 1043 534; x_wconf 74' lang='lat' dir='ltr'>damnis</span> <span class='ocrx_word' id='word_1_40' title='bbox 1067 485 1421 535; x_wconf 70' lang='lat' dir='ltr'><strong>constiterant:</strong></span> <span class='ocrx_word' id='word_1_41' title='bbox 1453 501 1632 552; x_wconf 87' lang='lat' dir='ltr'>neque,</span> 
     </span>
     <span class='ocr_line' id='line_1_7' title="bbox 108 549 1635 622; baseline 0 -22"><span class='ocrx_word' id='word_1_42' title='bbox 108 551 233 600; x_wconf 86' lang='lat' dir='ltr'>dum</span> <span class='ocrx_word' id='word_1_43' title='bbox 254 550 469 599; x_wconf 89' lang='lat' dir='ltr'>Thebae</span> <span class='ocrx_word' id='word_1_44' title='bbox 489 561 695 609; x_wconf 85' lang='lat' dir='ltr'>starent,</span> <span class='ocrx_word' id='word_1_45' title='bbox 735 564 821 600; x_wconf 88' lang='lat' dir='ltr'>aut</span> <span class='ocrx_word' id='word_1_46' title='bbox 860 549 992 622; x_wconf 48' lang='lat' dir='ltr'>odilis</span> <span class='ocrx_word' id='word_1_47' title='bbox 1029 551 1136 598; x_wconf 88' lang='lat' dir='ltr'>suis</span> <span class='ocrx_word' id='word_1_48' title='bbox 1179 551 1507 614; x_wconf 82' lang='lat' dir='ltr'>satisfactum,</span> <span class='ocrx_word' id='word_1_49' title='bbox 1548 563 1635 600; x_wconf 87' lang='lat' dir='ltr'>aut</span> 
     </span>
     <span class='ocr_line' id='line_1_8' title="bbox 107 617 1717 684; baseline -0.001 -17"><span class='ocrx_word' id='word_1_50' title='bbox 107 618 369 667; x_wconf 80' lang='lat' dir='ltr'>securitati</span> <span class='ocrx_word' id='word_1_51' title='bbox 410 628 743 682; x_wconf 85' lang='lat' dir='ltr'>prospectum</span> <span class='ocrx_word' id='word_1_52' title='bbox 781 617 1042 684; x_wconf 75' lang='lat' dir='ltr'><strong>rebantur.</strong></span> <span class='ocrx_word' id='word_1_53' title='bbox 1121 617 1323 668; x_wconf 86' lang='lat' dir='ltr'>Horum</span> <span class='ocrx_word' id='word_1_54' title='bbox 1361 620 1632 668; x_wconf 73' lang='lat' dir='ltr'><strong>auctoritas</strong></span> <span class='ocrx_word' id='word_1_55' title='bbox 1705 641 1717 655; x_wconf 67' lang='lat' dir='ltr'><em>a</em></span> 
     </span>
     <span class='ocr_line' id='line_1_9' title="bbox 106 683 1632 749; baseline 0 -16"><span class='ocrx_word' id='word_1_56' title='bbox 106 686 279 744; x_wconf 81' lang='lat' dir='ltr'>valuit,</span> <span class='ocrx_word' id='word_1_57' title='bbox 300 695 361 733; x_wconf 83' lang='lat' dir='ltr'>nt</span> <span class='ocrx_word' id='word_1_58' title='bbox 378 683 515 731; x_wconf 81' lang='lat' dir='ltr'>muri</span> <span class='ocrx_word' id='word_1_59' title='bbox 536 693 687 748; x_wconf 82' lang='lat' dir='ltr'>atque</span> <span class='ocrx_word' id='word_1_60' title='bbox 700 683 924 733; x_wconf 80' lang='lat' dir='ltr'>aedificia</span> <span class='ocrx_word' id='word_1_61' title='bbox 936 683 1274 744; x_wconf 84' lang='lat' dir='ltr'>diruerentur,</span> <span class='ocrx_word' id='word_1_62' title='bbox 1295 700 1413 749; x_wconf 83' lang='lat' dir='ltr'>ager</span> <span class='ocrx_word' id='word_1_63' title='bbox 1423 685 1632 734; x_wconf 86' lang='lat' dir='ltr'>arbitrio</span> 
     </span>
     <span class='ocr_line' id='line_1_10' title="bbox 107 749 1634 816; baseline 0.001 -17"><span class='ocrx_word' id='word_1_64' title='bbox 107 753 235 816; x_wconf 83' lang='lat' dir='ltr'>regis</span> <span class='ocrx_word' id='word_1_65' title='bbox 256 753 396 799; x_wconf 86' lang='lat' dir='ltr'>inter</span> <span class='ocrx_word' id='word_1_66' title='bbox 414 751 629 799; x_wconf 82' lang='lat' dir='ltr'>victores</span> <span class='ocrx_word' id='word_1_67' title='bbox 652 749 979 800; x_wconf 81' lang='lat' dir='ltr'>divideretur.</span> <span class='ocrx_word' id='word_1_68' title='bbox 1037 749 1113 800; x_wconf 82' lang='lat' dir='ltr'>Ita</span> <span class='ocrx_word' id='word_1_69' title='bbox 1145 751 1522 801; x_wconf 79' lang='lat' dir='ltr'><strong>nobilissimam</strong></span> <span class='ocrx_word' id='word_1_70' title='bbox 1539 767 1634 800; x_wconf 86' lang='lat' dir='ltr'>ur-</span> 
     </span>
     <span class='ocr_line' id='line_1_11' title="bbox 105 815 1635 879; baseline 0 -13"><span class='ocrx_word' id='word_1_71' title='bbox 105 819 251 879; x_wconf 89' lang='lat' dir='ltr'>bem,</span> <span class='ocrx_word' id='word_1_72' title='bbox 294 834 404 868; x_wconf 88' lang='lat' dir='ltr'>non</span> <span class='ocrx_word' id='word_1_73' title='bbox 442 815 716 866; x_wconf 88' lang='lat' dir='ltr'>hominum</span> <span class='ocrx_word' id='word_1_74' title='bbox 758 817 921 867; x_wconf 89' lang='lat' dir='ltr'>modo</span> <span class='ocrx_word' id='word_1_75' title='bbox 960 817 1364 868; x_wconf 79' lang='lat' dir='ltr'>clarissimorum</span> <span class='ocrx_word' id='word_1_76' title='bbox 1377 854 1392 879; x_wconf 89' lang='lat'>,</span> <span class='ocrx_word' id='word_1_77' title='bbox 1452 834 1635 868; x_wconf 75' lang='lat' dir='ltr'>verum</span> 
     </span>
     <span class='ocr_line' id='line_1_12' title="bbox 109 882 1635 940; baseline -0.001 -7"><span class='ocrx_word' id='word_1_78' title='bbox 109 886 265 933; x_wconf 85' lang='lat' dir='ltr'>etiam</span> <span class='ocrx_word' id='word_1_79' title='bbox 281 882 523 931; x_wconf 82' lang='lat' dir='ltr'><strong>Deorum</strong></span> <span class='ocrx_word' id='word_1_80' title='bbox 542 885 733 938; x_wconf 76' lang='lat' dir='ltr'>natales</span> <span class='ocrx_word' id='word_1_81' title='bbox 753 893 1065 932; x_wconf 70' lang='lat' dir='ltr'>asserentem</span> <span class='ocrx_word' id='word_1_82' title='bbox 1083 884 1199 940; x_wconf 73' lang='lat' dir='ltr'>sibi,</span> <span class='ocrx_word' id='word_1_83' title='bbox 1219 902 1248 934; x_wconf 92' lang='lat' dir='ltr'>e</span> <span class='ocrx_word' id='word_1_84' title='bbox 1271 883 1442 934; x_wconf 77' lang='lat' dir='ltr'>media</span> <span class='ocrx_word' id='word_1_85' title='bbox 1465 883 1635 934; x_wconf 85' lang='lat' dir='ltr'>Grae-</span> 
     </span>
     <span class='ocr_line' id='line_1_13' title="bbox 110 949 1635 1017; baseline 0.001 -19"><span class='ocrx_word' id='word_1_86' title='bbox 110 952 184 1000; x_wconf 87' lang='lat' dir='ltr'>cia</span> <span class='ocrx_word' id='word_1_87' title='bbox 204 967 313 1000; x_wconf 82' lang='lat' dir='ltr'>una</span> <span class='ocrx_word' id='word_1_88' title='bbox 335 949 445 998; x_wconf 86' lang='lat' dir='ltr'>dies</span> <span class='ocrx_word' id='word_1_89' title='bbox 474 950 676 1014; x_wconf 86' lang='lat' dir='ltr'>eripuit,</span> <span class='ocrx_word' id='word_1_90' title='bbox 707 960 986 1017; x_wconf 76' lang='lat' dir='ltr'>postquam</span> <span class='ocrx_word' id='word_1_91' title='bbox 1008 951 1328 1014; x_wconf 84' lang='lat' dir='ltr'>octingentos</span> <span class='ocrx_word' id='word_1_92' title='bbox 1348 951 1453 1000; x_wconf 80' lang='lat' dir='ltr'>fere</span> <span class='ocrx_word' id='word_1_93' title='bbox 1476 967 1635 1000; x_wconf 82' lang='lat' dir='ltr'>annos</span> 
     </span>
     <span class='ocr_line' id='line_1_14' title="bbox 110 1015 1637 1082; baseline -0.001 -16"><span class='ocrx_word' id='word_1_94' title='bbox 110 1027 229 1082; x_wconf 86' lang='lat' dir='ltr'>post</span> <span class='ocrx_word' id='word_1_95' title='bbox 258 1016 533 1065; x_wconf 84' lang='lat' dir='ltr'>oraculum</span> <span class='ocrx_word' id='word_1_96' title='bbox 564 1015 628 1064; x_wconf 90' lang='lat' dir='ltr'>de</span> <span class='ocrx_word' id='word_1_97' title='bbox 660 1017 857 1078; x_wconf 81' lang='lat' dir='ltr'>corvis,¹</span> <span class='ocrx_word' id='word_1_98' title='bbox 886 1015 1098 1066; x_wconf 81' lang='lat' dir='ltr'>eosdem</span> <span class='ocrx_word' id='word_1_99' title='bbox 1130 1017 1328 1066; x_wconf 84' lang='lat' dir='ltr'>incolas</span> <span class='ocrx_word' id='word_1_100' title='bbox 1365 1015 1637 1070; x_wconf 76' lang='lat' dir='ltr'>habuisset.</span> 
     </span>
     <span class='ocr_line' id='line_1_15' title="bbox 114 1081 1636 1150; baseline 0.001 -20"><span class='ocrx_word' id='word_1_101' title='bbox 114 1083 262 1131; x_wconf 77' lang='lat' dir='ltr'>Olim</span> <span class='ocrx_word' id='word_1_102' title='bbox 281 1084 419 1132; x_wconf 86' lang='lat' dir='ltr'>enim</span> <span class='ocrx_word' id='word_1_103' title='bbox 441 1083 606 1150; x_wconf 85' lang='lat' dir='ltr'>pulsis</span> <span class='ocrx_word' id='word_1_104' title='bbox 626 1099 653 1130; x_wconf 81' lang='lat' dir='ltr'>a</span> <span class='ocrx_word' id='word_1_105' title='bbox 674 1093 828 1147; x_wconf 79' lang='lat' dir='ltr'>gente·</span> <span class='ocrx_word' id='word_1_106' title='bbox 846 1081 1109 1132; x_wconf 84' lang='lat' dir='ltr'>Thracum</span> <span class='ocrx_word' id='word_1_107' title='bbox 1130 1094 1282 1148; x_wconf 83' lang='lat' dir='ltr'>atque</span> <span class='ocrx_word' id='word_1_108' title='bbox 1301 1081 1636 1147; x_wconf 75' lang='lat' dir='ltr'>Pelasgorum</span> 
     </span>
     <span class='ocr_line' id='line_1_16' title="bbox 111 1149 1637 1222; baseline 0.004 -26"><span class='ocrx_word' id='word_1_109' title='bbox 111 1149 313 1198; x_wconf 83' lang='lat' dir='ltr'>Boeotis</span> <span class='ocrx_word' id='word_1_110' title='bbox 334 1149 472 1197; x_wconf 84' lang='lat' dir='ltr'>edita</span> <span class='ocrx_word' id='word_1_111' title='bbox 493 1165 603 1197; x_wconf 85' lang='lat' dir='ltr'>sors</span> <span class='ocrx_word' id='word_1_112' title='bbox 624 1149 803 1210; x_wconf 76' lang='lat' dir='ltr'>fuerat,</span> <span class='ocrx_word' id='word_1_113' title='bbox 814 1157 950 1215; x_wconf 74' lang='lat' dir='ltr'>post</span> <span class='ocrx_word' id='word_1_114' title='bbox 969 1157 1226 1222; x_wconf 82' lang='lat' dir='ltr'>quartam</span> <span class='ocrx_word' id='word_1_115' title='bbox 1247 1149 1460 1200; x_wconf 83' lang='lat' dir='ltr'>demum</span> <span class='ocrx_word' id='word_1_116' title='bbox 1477 1157 1637 1202; x_wconf 72' lang='lat' dir='ltr'>aeta—</span> 
     </span>
     <span class='ocr_line' id='line_1_17' title="bbox 112 1214 1634 1282; baseline 0.002 -20"><span class='ocrx_word' id='word_1_117' title='bbox 112 1223 221 1264; x_wconf 88' lang='lat' dir='ltr'>tem</span> <span class='ocrx_word' id='word_1_118' title='bbox 234 1215 465 1281; x_wconf 74' lang='lat' dir='ltr'>patrias</span> <span class='ocrx_word' id='word_1_119' title='bbox 484 1214 645 1264; x_wconf 74' lang='lat' dir='ltr'>sedes</span> <span class='ocrx_word' id='word_1_120' title='bbox 673 1215 967 1282; x_wconf 80' lang='lat' dir='ltr'>recepturi,</span> <span class='ocrx_word' id='word_1_121' title='bbox 1006 1215 1358 1267; x_wconf 65' lang='lat' dir='ltr'>considerent</span> <span class='ocrx_word' id='word_1_122' title='bbox 1395 1217 1634 1280; x_wconf 80' lang='lat' dir='ltr'>mten&#39;m,</span> 
     </span>
     <span class='ocr_line' id='line_1_18' title="bbox 146 1279 1638 1351; baseline 0.003 -21"><span class='ocrx_word' id='word_1_123' title='bbox 146 1297 217 1331; x_wconf 87' lang='lat' dir='ltr'>uo</span> <span class='ocrx_word' id='word_1_124' title='bbox 235 1282 358 1332; x_wconf 84' lang='lat' dir='ltr'>loco</span> <span class='ocrx_word' id='word_1_125' title='bbox 376 1296 569 1332; x_wconf 69' lang='lat' dir='ltr'>corvos</span> <span class='ocrx_word' id='word_1_126' title='bbox 590 1279 745 1331; x_wconf 77' lang='lat' dir='ltr'>albo-5</span> <span class='ocrx_word' id='word_1_127' title='bbox 766 1281 1078 1348; x_wconf 76' lang='lat' dir='ltr'>conspicati</span> <span class='ocrx_word' id='word_1_128' title='bbox 1078 1282 1297 1351; x_wconf 81' lang='lat' dir='ltr'>forent.</span> <span class='ocrx_word' id='word_1_129' title='bbox 1332 1283 1410 1334; x_wconf 81' lang='lat' dir='ltr'>Ita</span> <span class='ocrx_word' id='word_1_130' title='bbox 1429 1299 1551 1332; x_wconf 83' lang='lat' dir='ltr'>eum</span> <span class='ocrx_word' id='word_1_131' title='bbox 1565 1281 1638 1334; x_wconf 74' lang='lat' dir='ltr'>ed</span> 
     </span>
     <span class='ocr_line' id='line_1_19' title="bbox 220 1347 1638 1414; baseline 0 -16"><span class='ocrx_word' id='word_1_132' title='bbox 220 1363 285 1398; x_wconf 89' lang='lat' dir='ltr'>en</span> <span class='ocrx_word' id='word_1_133' title='bbox 324 1348 622 1398; x_wconf 78' lang='lat' dir='ltr'>Thessaliae</span> <span class='ocrx_word' id='word_1_134' title='bbox 661 1347 915 1414; x_wconf 85' lang='lat' dir='ltr'>oppidum</span> <span class='ocrx_word' id='word_1_135' title='bbox 951 1349 1214 1400; x_wconf 79' lang='lat' dir='ltr'>venissent</span> <span class='ocrx_word' id='word_1_136' title='bbox 1234 1386 1248 1410; x_wconf 93' lang='lat'>,</span> <span class='ocrx_word' id='word_1_137' title='bbox 1299 1352 1464 1400; x_wconf 81' lang='lat' dir='ltr'>corvis</span> <span class='ocrx_word' id='word_1_138' title='bbox 1506 1366 1638 1399; x_wconf 86' lang='lat' dir='ltr'>eon-</span> 
     </span>
     <span class='ocr_line' id='line_1_20' title="bbox 109 1415 1640 1482; baseline 0.001 -18"><span class='ocrx_word' id='word_1_139' title='bbox 109 1417 311 1481; x_wconf 83' lang='lat' dir='ltr'>spectis,</span> <span class='ocrx_word' id='word_1_140' title='bbox 357 1431 489 1480; x_wconf 82' lang='lat' dir='ltr'>quos</span> <span class='ocrx_word' id='word_1_141' title='bbox 517 1417 664 1481; x_wconf 86' lang='lat' dir='ltr'>pueri</span> <span class='ocrx_word' id='word_1_142' title='bbox 694 1421 853 1482; x_wconf 81' lang='lat' dir='ltr'>gypso</span> <span class='ocrx_word' id='word_1_143' title='bbox 873 1415 1156 1478; x_wconf 69' lang='lat' dir='ltr'>illeverunt,</span> <span class='ocrx_word' id='word_1_144' title='bbox 1195 1415 1269 1466; x_wconf 87' lang='lat' dir='ltr'>ibi</span> <span class='ocrx_word' id='word_1_145' title='bbox 1287 1415 1640 1468; x_wconf 79' lang='lat' dir='ltr'>substiterunt.</span> 
     </span>
     <span class='ocr_line' id='line_1_21' title="bbox 108 1475 1640 1548; baseline 0.001 -18"><span class='ocrx_word' id='word_1_146' title='bbox 108 1483 297 1532; x_wconf 77' lang='lat' dir='ltr'>Diruta</span> <span class='ocrx_word' id='word_1_147' title='bbox 314 1484 441 1532; x_wconf 86' lang='lat' dir='ltr'>urbs</span> <span class='ocrx_word' id='word_1_148' title='bbox 465 1493 543 1530; x_wconf 88' lang='lat' dir='ltr'>est</span> <span class='ocrx_word' id='word_1_149' title='bbox 562 1475 629 1528; x_wconf 87' lang='lat' dir='ltr'>ad</span> <span class='ocrx_word' id='word_1_150' title='bbox 648 1482 801 1530; x_wconf 86' lang='lat' dir='ltr'>tibiae</span> <span class='ocrx_word' id='word_1_151' title='bbox 822 1493 1048 1546; x_wconf 86' lang='lat' dir='ltr'>cantum,</span> <span class='ocrx_word' id='word_1_152' title='bbox 1067 1499 1174 1548; x_wconf 81' lang='lat' dir='ltr'>quo</span> <span class='ocrx_word' id='word_1_153' title='bbox 1194 1480 1357 1531; x_wconf 85' lang='lat' dir='ltr'>modo</span> <span class='ocrx_word' id='word_1_154' title='bbox 1377 1482 1640 1544; x_wconf 72' lang='lat' dir='ltr'>sexagesi-</span> 
     </span>
     <span class='ocr_line' id='line_1_22' title="bbox 108 1546 1640 1614; baseline -0.002 -16"><span class='ocrx_word' id='word_1_155' title='bbox 108 1565 261 1598; x_wconf 89' lang='lat' dir='ltr'>mum</span> <span class='ocrx_word' id='word_1_156' title='bbox 284 1559 400 1598; x_wconf 89' lang='lat' dir='ltr'>ante</span> <span class='ocrx_word' id='word_1_157' title='bbox 426 1564 620 1597; x_wconf 84' lang='lat' dir='ltr'>annum</span> <span class='ocrx_word' id='word_1_158' title='bbox 637 1547 863 1598; x_wconf 80' lang='lat' dir='ltr'>Athenas</span> <span class='ocrx_word' id='word_1_159' title='bbox 882 1546 1443 1614; x_wconf 74' lang='lat' dir='ltr'>Lysander‘deleverat.</span> <span class='ocrx_word' id='word_1_160' title='bbox 1473 1547 1640 1597; x_wconf 83' lang='lat' dir='ltr'>Tem·-</span> 
     </span>
     <span class='ocr_line' id='line_1_23' title="bbox 108 1614 1645 1682; baseline -0.001 -18"><span class='ocrx_word' id='word_1_161' title='bbox 108 1619 211 1681; x_wconf 88' lang='lat' dir='ltr'>plis</span> <span class='ocrx_word' id='word_1_162' title='bbox 256 1627 434 1664; x_wconf 86' lang='lat' dir='ltr'>tamen</span> <span class='ocrx_word' id='word_1_163' title='bbox 471 1615 686 1682; x_wconf 82' lang='lat' dir='ltr'>aliisque</span> <span class='ocrx_word' id='word_1_164' title='bbox 724 1616 881 1665; x_wconf 81' lang='lat' dir='ltr'>saeris</span> <span class='ocrx_word' id='word_1_165' title='bbox 930 1614 1170 1665; x_wconf 84' lang='lat' dir='ltr'>aedificiis</span> <span class='ocrx_word' id='word_1_166' title='bbox 1210 1615 1454 1666; x_wconf 82' lang='lat' dir='ltr'>abstineri</span> <span class='ocrx_word' id='word_1_167' title='bbox 1471 1615 1645 1664; x_wconf 80' lang='lat' dir='ltr'>-iussit</span> 
     </span>
     <span class='ocr_line' id='line_1_24' title="bbox 108 1679 1640 1747; baseline -0.001 -17"><span class='ocrx_word' id='word_1_168' title='bbox 108 1681 425 1742; x_wconf 82' lang='lat' dir='ltr'>Alexander,</span> <span class='ocrx_word' id='word_1_169' title='bbox 463 1683 616 1732; x_wconf 83' lang='lat' dir='ltr'>etiam</span> <span class='ocrx_word' id='word_1_170' title='bbox 654 1699 718 1731; x_wconf 88' lang='lat' dir='ltr'>ne</span> <span class='ocrx_word' id='word_1_171' title='bbox 750 1679 892 1747; x_wconf 81' lang='lat' dir='ltr'>quod</span> <span class='ocrx_word' id='word_1_172' title='bbox 920 1682 1288 1747; x_wconf 80' lang='lat' dir='ltr'>per.inenriam</span> <span class='ocrx_word' id='word_1_173' title='bbox 1307 1681 1559 1730; x_wconf 86' lang='lat' dir='ltr'>damnum</span> <span class='ocrx_word' id='word_1_174' title='bbox 1577 1681 1640 1730; x_wconf 80' lang='lat' dir='ltr'>iis</span> 
     </span>
     <span class='ocr_line' id='line_1_25' title="bbox 105 1746 1640 1811; baseline 0 -15"><span class='ocrx_word' id='word_1_175' title='bbox 105 1748 342 1806; x_wconf 81' lang='lat' dir='ltr'>daretur,</span> <span class='ocrx_word' id='word_1_176' title='bbox 363 1749 624 1811; x_wconf 67' lang='lat' dir='ltr'>sollicitus.</span> <span class='ocrx_word' id='word_1_177' title='bbox 661 1746 867 1798; x_wconf 82' lang='lat' dir='ltr'>Praeter</span> <span class='ocrx_word' id='word_1_178' title='bbox 887 1748 1098 1800; x_wconf 84' lang='lat' dir='ltr'>insitam</span> <span class='ocrx_word' id='word_1_179' title='bbox 1117 1750 1172 1797; x_wconf 87' lang='lat' dir='ltr'>in</span> <span class='ocrx_word' id='word_1_180' title='bbox 1191 1749 1332 1798; x_wconf 87' lang='lat' dir='ltr'>Deos</span> <span class='ocrx_word' id='word_1_181' title='bbox 1349 1748 1640 1798; x_wconf 83' lang='lat' dir='ltr'>veneratio-</span> 
     </span>
     <span class='ocr_line' id='line_1_26' title="bbox 108 1814 1642 1881; baseline 0.001 -19"><span class='ocrx_word' id='word_1_182' title='bbox 108 1829 240 1862; x_wconf 87' lang='lat' dir='ltr'>nem</span> <span class='ocrx_word' id='word_1_183' title='bbox 260 1827 438 1860; x_wconf 85' lang='lat' dir='ltr'>recens</span> <span class='ocrx_word' id='word_1_184' title='bbox 456 1814 629 1878; x_wconf 83' lang='lat' dir='ltr'>religio</span> <span class='ocrx_word' id='word_1_185' title='bbox 652 1825 1000 1881; x_wconf 72' lang='lat' dir='ltr'>permoverat,</span> <span class='ocrx_word' id='word_1_186' title='bbox 1047 1815 1167 1879; x_wconf 87' lang='lat' dir='ltr'>quia</span> <span class='ocrx_word' id='word_1_187' title='bbox 1203 1816 1435 1865; x_wconf 88' lang='lat' dir='ltr'>militum</span> <span class='ocrx_word' id='word_1_188' title='bbox 1473 1831 1642 1881; x_wconf 82' lang='lat' dir='ltr'>quos-</span> 
     </span>
     <span class='ocr_line' id='line_1_27' title="bbox 107 1877 1640 1946; baseline 0.001 -18"><span class='ocrx_word' id='word_1_189' title='bbox 107 1879 250 1942; x_wconf 86' lang='lat' dir='ltr'>dam,</span> <span class='ocrx_word' id='word_1_190' title='bbox 296 1877 603 1928; x_wconf 83' lang='lat' dir='ltr'>Cahirorum</span> <span class='ocrx_word' id='word_1_191' title='bbox 622 1881 821 1942; x_wconf 77' lang='lat' dir='ltr'>fanum,-</span> <span class='ocrx_word' id='word_1_192' title='bbox 857 1879 997 1945; x_wconf 88' lang='lat' dir='ltr'>quod</span> <span class='ocrx_word' id='word_1_193' title='bbox 1018 1892 1134 1932; x_wconf 87' lang='lat' dir='ltr'>ante</span> <span class='ocrx_word' id='word_1_194' title='bbox 1167 1883 1352 1932; x_wconf 89' lang='lat' dir='ltr'>urbem</span> <span class='ocrx_word' id='word_1_195' title='bbox 1371 1894 1474 1942; x_wconf 84' lang='lat' dir='ltr'>est,</span> <span class='ocrx_word' id='word_1_196' title='bbox 1513 1897 1640 1946; x_wconf 79' lang='lat' dir='ltr'>spo-</span> 
     </span>
     <span class='ocr_line' id='line_1_28' title="bbox 107 1947 1638 2012; baseline 0.001 -19"><span class='ocrx_word' id='word_1_197' title='bbox 107 1947 233 1995; x_wconf 85' lang='lat' dir='ltr'>liare</span> <span class='ocrx_word' id='word_1_198' title='bbox 256 1947 531 2010; x_wconf 71' lang='lat' dir='ltr'>aggressos,</span> <span class='ocrx_word' id='word_1_199' title='bbox 553 1949 717 2003; x_wconf 82' lang='lat' dir='ltr'>subita</span> <span class='ocrx_word' id='word_1_200' title='bbox 739 1957 1015 2012; x_wconf 83' lang='lat' dir='ltr'>tempestas</span> <span class='ocrx_word' id='word_1_201' title='bbox 1036 1949 1340 2000; x_wconf 80' lang='lat' dir='ltr'>fulminibus</span> <span class='ocrx_word' id='word_1_202' title='bbox 1361 1960 1411 1997; x_wconf 90' lang='lat' dir='ltr'>et</span> <span class='ocrx_word' id='word_1_203' title='bbox 1428 1951 1638 1998; x_wconf 80' lang='lat' dir='ltr'>flamma</span> 
     </span>
     <span class='ocr_line' id='line_1_29' title="bbox 112 2013 1638 2078; baseline 0.001 -18"><span class='ocrx_word' id='word_1_204' title='bbox 112 2014 322 2061; x_wconf 85' lang='lat' dir='ltr'>coelesti</span> <span class='ocrx_word' id='word_1_205' title='bbox 342 2024 710 2062; x_wconf 79' lang='lat' dir='ltr'>consumserat.</span> <span class='ocrx_word' id='word_1_206' title='bbox 752 2013 974 2064; x_wconf 84' lang='lat' dir='ltr'>Relictae</span> <span class='ocrx_word' id='word_1_207' title='bbox 993 2024 1117 2078; x_wconf 71' lang='lat' dir='ltr'>sunt</span> <span class='ocrx_word' id='word_1_208' title='bbox 1141 2016 1297 2061; x_wconf 84' lang='lat' dir='ltr'>etiam</span> <span class='ocrx_word' id='word_1_209' title='bbox 1316 2015 1507 2076; x_wconf 82' lang='lat' dir='ltr'>effigies</span> <span class='ocrx_word' id='word_1_210' title='bbox 1528 2025 1638 2062; x_wconf 74' lang='lat' dir='ltr'>sta·-</span> 
     </span>
     <span class='ocr_line' id='line_1_30' title="bbox 108 2077 1644 2144; baseline 0 -17"><span class='ocrx_word' id='word_1_211' title='bbox 108 2090 347 2142; x_wconf 86' lang='lat' dir='ltr'>tuaeque,</span> <span class='ocrx_word' id='word_1_212' title='bbox 390 2078 528 2140; x_wconf 87' lang='lat' dir='ltr'>Diis,</span> <span class='ocrx_word' id='word_1_213' title='bbox 567 2082 652 2128; x_wconf 84' lang='lat' dir='ltr'>vel</span> <span class='ocrx_word' id='word_1_214' title='bbox 673 2079 965 2128; x_wconf 85' lang='lat' dir='ltr'>hominibus</span> <span class='ocrx_word' id='word_1_215' title='bbox 984 2081 1174 2128; x_wconf 80' lang='lat' dir='ltr'>virtute</span> <span class='ocrx_word' id='word_1_216' title='bbox 1193 2077 1644 2144; x_wconf 61' lang='lat' dir='ltr'>praecellentibus,</span> 
     </span>
     <span class='ocr_line' id='line_1_31' title="bbox 108 2144 1638 2211; baseline -0.001 -16"><span class='ocrx_word' id='word_1_217' title='bbox 108 2162 199 2210; x_wconf 79' lang='lat' dir='ltr'>per</span> <span class='ocrx_word' id='word_1_218' title='bbox 219 2147 334 2192; x_wconf 87' lang='lat' dir='ltr'>loca</span> <span class='ocrx_word' id='word_1_219' title='bbox 354 2147 559 2211; x_wconf 86' lang='lat' dir='ltr'>publica</span> <span class='ocrx_word' id='word_1_220' title='bbox 578 2147 792 2210; x_wconf 84' lang='lat' dir='ltr'>positae.</span> <span class='ocrx_word' id='word_1_221' title='bbox 849 2144 1221 2209; x_wconf 84' lang='lat' dir='ltr'>Proditumque</span> <span class='ocrx_word' id='word_1_222' title='bbox 1243 2156 1324 2194; x_wconf 77' lang='lat' dir='ltr'>est</span> <span class='ocrx_word' id='word_1_223' title='bbox 1338 2146 1638 2206; x_wconf 78' lang='lat' dir='ltr'>memoriae,</span> 
     </span>
     <span class='ocr_line' id='line_1_32' title="bbox 107 2209 1711 2277; baseline -0.001 -16"><span class='ocrx_word' id='word_1_224' title='bbox 107 2213 280 2274; x_wconf 83' lang='lat' dir='ltr'>fuisse,</span> <span class='ocrx_word' id='word_1_225' title='bbox 314 2213 415 2277; x_wconf 70' lang='lat' dir='ltr'>&#39;q‘ui</span> <span class='ocrx_word' id='word_1_226' title='bbox 452 2213 587 2262; x_wconf 88' lang='lat' dir='ltr'>inter</span> <span class='ocrx_word' id='word_1_227' title='bbox 608 2213 1076 2268; x_wconf 74' lang='lat' dir='ltr'>consternationem</span> <span class='ocrx_word' id='word_1_228' title='bbox 1116 2223 1288 2277; x_wconf 81' lang='lat' dir='ltr'>captae</span> <span class='ocrx_word' id='word_1_229' title='bbox 1309 2209 1635 2277; x_wconf 84' lang='lat' dir='ltr'>direptaeque</span> <span class='ocrx_word' id='word_1_230' title='bbox 1701 2209 1711 2222; x_wconf 86' lang='grc'><strong><em>’</em></strong></span> 
     </span>
     <span class='ocr_line' id='line_1_33' title="bbox 105 2277 1650 2337; baseline 0 -10"><span class='ocrx_word' id='word_1_231' title='bbox 105 2279 253 2328; x_wconf 83' lang='lat' dir='ltr'>urbis</span> <span class='ocrx_word' id='word_1_232' title='bbox 293 2295 480 2328; x_wconf 82' lang='lat' dir='ltr'>aurum</span> <span class='ocrx_word' id='word_1_233' title='bbox 512 2280 566 2328; x_wconf 90' lang='lat' dir='ltr'>in</span> <span class='ocrx_word' id='word_1_234' title='bbox 596 2279 737 2327; x_wconf 82' lang='lat' dir='ltr'>sinus</span> <span class='ocrx_word' id='word_1_235' title='bbox 768 2289 857 2327; x_wconf 82' lang='lat' dir='ltr'>aut</span> <span class='ocrx_word' id='word_1_236' title='bbox 877 2278 1098 2327; x_wconf 84' lang='lat' dir='ltr'>amicula</span> <span class='ocrx_word' id='word_1_237' title='bbox 1118 2289 1400 2337; x_wconf 78' lang='lat' dir='ltr'>statuarum</span> <span class='ocrx_word' id='word_1_238' title='bbox 1419 2277 1650 2328; x_wconf 80' lang='lat' dir='ltr'>abdide-&#39;</span> 
     </span>
     <span class='ocr_line' id='line_1_34' title="bbox 106 2343 1636 2411; baseline -0.001 -17"><span class='ocrx_word' id='word_1_239' title='bbox 106 2347 228 2406; x_wconf 84' lang='lat' dir='ltr'>rint,</span> <span class='ocrx_word' id='word_1_240' title='bbox 253 2343 407 2410; x_wconf 87' lang='lat' dir='ltr'>idque</span> <span class='ocrx_word' id='word_1_241' title='bbox 427 2345 629 2395; x_wconf 83' lang='lat' dir='ltr'>salvum</span> <span class='ocrx_word' id='word_1_242' title='bbox 647 2346 944 2411; x_wconf 83' lang='lat' dir='ltr'>repererint,</span> <span class='ocrx_word' id='word_1_243' title='bbox 968 2360 1090 2393; x_wconf 81' lang='lat' dir='ltr'>eum</span> <span class='ocrx_word' id='word_1_244' title='bbox 1102 2345 1344 2408; x_wconf 65' lang='lat' dir='ltr'>vigesimo</span> <span class='ocrx_word' id='word_1_245' title='bbox 1363 2357 1480 2410; x_wconf 82' lang='lat' dir='ltr'>post</span> <span class='ocrx_word' id='word_1_246' title='bbox 1499 2361 1636 2399; x_wconf 82' lang='lat' dir='ltr'>anno</span> 
     </span>
     <span class='ocr_line' id='line_1_35' title="bbox 106 2409 1637 2477; baseline -0.003 -15"><span class='ocrx_word' id='word_1_247' title='bbox 106 2410 412 2473; x_wconf 87' lang='lat' dir='ltr'>Cassander,</span> <span class='ocrx_word' id='word_1_248' title='bbox 438 2409 699 2477; x_wconf 85' lang='lat' dir='ltr'>Antipatri</span> <span class='ocrx_word' id='word_1_249' title='bbox 717 2412 868 2471; x_wconf 79' lang='lat' dir='ltr'>filius,</span> <span class='ocrx_word' id='word_1_250' title='bbox 891 2410 1095 2460; x_wconf 83' lang='lat' dir='ltr'>Thebas</span> <span class='ocrx_word' id='word_1_251' title='bbox 1109 2411 1438 2459; x_wconf 81' lang='lat' dir='ltr'>instauraret.</span> <span class='ocrx_word' id='word_1_252' title='bbox 1475 2409 1637 2474; x_wconf 86' lang='lat' dir='ltr'>Quod</span> 
     </span>
     <span class='ocr_line' id='line_1_36' title="bbox 103 2477 1638 2543; baseline -0.002 -16"><span class='ocrx_word' id='word_1_253' title='bbox 103 2477 323 2541; x_wconf 86' lang='lat' dir='ltr'>quidem</span> <span class='ocrx_word' id='word_1_254' title='bbox 340 2496 447 2528; x_wconf 86' lang='lat' dir='ltr'>non</span> <span class='ocrx_word' id='word_1_255' title='bbox 466 2491 573 2528; x_wconf 85' lang='lat' dir='ltr'>tam</span> <span class='ocrx_word' id='word_1_256' title='bbox 596 2477 945 2527; x_wconf 83' lang='lat' dir='ltr'>misericordia</span> <span class='ocrx_word' id='word_1_257' title='bbox 977 2478 1031 2526; x_wconf 89' lang='lat' dir='ltr'>in</span> <span class='ocrx_word' id='word_1_258' title='bbox 1060 2477 1305 2543; x_wconf 79' lang='lat' dir='ltr'>profugos</span> <span class='ocrx_word' id='word_1_259' title='bbox 1325 2477 1501 2524; x_wconf 85' lang='lat' dir='ltr'>fecisse</span> <span class='ocrx_word' id='word_1_260' title='bbox 1522 2493 1638 2524; x_wconf 85' lang='lat' dir='ltr'>cre-—</span> 
     </span>
     <span class='ocr_line' id='line_1_37' title="bbox 104 2541 1632 2612; baseline -0.003 -18"><span class='ocrx_word' id='word_1_261' title='bbox 104 2545 265 2607; x_wconf 84' lang='lat' dir='ltr'>ditur,</span> <span class='ocrx_word' id='word_1_262' title='bbox 308 2563 467 2612; x_wconf 85' lang='lat' dir='ltr'>quam</span> <span class='ocrx_word' id='word_1_263' title='bbox 484 2558 546 2596; x_wconf 89' lang='lat' dir='ltr'>ut</span> <span class='ocrx_word' id='word_1_264' title='bbox 568 2543 867 2610; x_wconf 80' lang='lat' dir='ltr'>Alexandri,</span> <span class='ocrx_word' id='word_1_265' title='bbox 908 2562 1066 2612; x_wconf 84' lang='lat' dir='ltr'>quem</span> <span class='ocrx_word' id='word_1_266' title='bbox 1087 2542 1280 2608; x_wconf 84' lang='lat' dir='ltr'>oderat,</span> <span class='ocrx_word' id='word_1_267' title='bbox 1301 2544 1518 2608; x_wconf 81' lang='lat' dir='ltr'>gloriam</span> <span class='ocrx_word' id='word_1_268' title='bbox 1539 2541 1632 2590; x_wconf 83' lang='lat' dir='ltr'>de-</span> 
     </span>
    </p>
   </div>
  </div>
 </body>
</html>
