2084 3009
616 98 1196 177 Lmen-vt·
1517 107 1672 161 ’153-

100 216 233 253 eum
272 198 563 259 invidiam,
601 218 691 271 qu:
724 200 1049 263 fortissimis
1077 202 1212 253 viris
1245 199 1489 252 subitum
1519 218 1634 268 pa·-

100 268 260 319 triae
282 266 609 318 desiderium
630 268 1028 330 admovissent,
1071 268 1250 337 paulo
1261 278 1398 335 post
1416 272 1474 320 in
1496 276 1635 317 ean'-

102 333 233 385 dem
254 351 374 383 cum
393 335 599 383 maiore
621 334 783 385 laude
801 334 1066 405 famaque
1103 335 1390 386 redituris.
1495 336 1636 384 Tum

104 419 230 453 vero
246 419 342 467 pro
367 420 422 451 se
447 403 661 466 quisque
684 418 901 468 operam
920 414 1081 451 suam
1101 406 1310 463 offen-133
1333 400 1637 451 difficillima

96 486 340 535 quaeque
378 486 621 533 poscere3
672 470 904 534 polliceri
947 468 1184 519 militum
1222 485 1436 537 quoque
1477 467 1637 517 obse-

95 536 312 605 quium,
354 534 409 584 si
425 535 639 585 animos
660 552 842 584 eorum
866 528 982 593 lini
1000 544 1058 583 et
1077 545 1215 604 apta
1236 536 1485 584 oratione
1498 552 1637 601 per-

94 602 348 653 mulcere
388 600 671 651 voluisset.
740 602 1039 668 Nunquam
1079 602 1356 670 infractos
1394 610 1449 651 et
1489 601 1638 651 abie-

96 680 227 721 ctos
251 668 581 728 recessisse,
604 666 821 738 quoties
840 668 1018 735 ipsius
1040 668 1387 719 alacritatem
1407 677 1466 717 et
1489 664 1638 717 tanti

95 735 285 787 animi
302 735 535 802 spiritus
554 736 781 785 haurire
792 735 1132 801 potuissent.
1235 736 1334 784 Ita
1353 754 1411 785 se
1429 734 1646 803 factu-⁸

98 820 228 859 rum
249 820 370 853 esse
390 804 681 869 respondit:
702 802 787 851 illi
797 800 955 871 vulgi
974 818 1144 853 aures
1153 801 1633 869 praeparentsibi.

94 871 344 935 Satisque
364 873 619 931 omnibus,
641 888 768 936 quae
788 873 843 919 in
864 886 978 918 rem
998 870 1300 929 videbantur
1323 888 1426 919 esse
1445 906 1458 931 ,
1483 886 1632 919 com—

94 938 303 1004 positis,
333 938 523 987 vocari
542 938 620 987 ad
640 937 955 987 concionem
977 937 1278 1001 exercitum
1297 938 1474 997 iussit,
1496 936 1634 1002 apud

99 1020 267 1071 quem
286 1005 442 1051 talem
462 1006 745 1054 orationem
764 1004 960 1056 habuit.
1515 1006 1519 1010 ’

194 1067 358 1119 ,CAR
392 1070 484 1119 111.
552 1070 1001 1145 Magnitudinem
1020 1087 1204 1121 rerum
1219 1106 1234 1129 ,
1279 1088 1423 1141 quas
1437 1068 1631 1140 gessi-

93 1153 237 1197 mus,
259 1137 483 1198 milites,
506 1137 850 1188 intuentibus
876 1138 1050 1196 vobis,
1072 1140 1292 1189 minime
1311 1138 1507 1198 mirum
1529 1146 1631 1201 est,

93 1216 159 1257 et
181 1204 523 1254 desiderium
550 1206 765 1273 quietis,
790 1214 843 1254 et
863 1206 1182 1255 satietatem
1198 1206 1419 1276 gloriae
1441 1220 1632 1255 occur-

92 1288 244 1323 rere.
323 1270 397 1319 Ut
418 1270 667 1319 omittam
689 1270 934 1336 Illyrios,
986 1272 1284 1331 Triballos‚
1323 1274 1632 1335 Boeotiam,

96 1337 429 1394 Thraciam,
487 1338 774 1402 Spartam,
833 1336 1114 1395 Achaeos,
1175 1339 1631 1405 Peloponnesum,

93 1420 335 1477 quorum
356 1402 669 1452 alia³ductu
690 1420 835 1461 mec,
894 1400 1011 1450 alia
1032 1404 1253 1467 imperio
1276 1404 1634 1473 auspicioque

89 1470 396 1542 perdomui
402 1490 429 1528 ,·
469 1487 597 1519 ecce
619 1469 737 1521 orsi
754 1464 950 1517 belluin
970 1469 1050 1518 ad
1067 1468 1505 1535 Hellespontum,
1541 1470 1634 1518 Io-

92 1557 231 1600 nas,
282 1536 571 1601 Aeolidem
590 1535 819 1585 servitio
842 1534 1139 1585 barbariae
1161 1536 1480 1603 impotentis
1501 1554 1634 1586 exe-

96 1606 329 1666 mimus;
373 1604 618 1663 Cariam,
670 1602 933 1667 Lydiam,
971 1603 1402 1669 Cappadociam,
1447 1603 1633 1669 Phry-

91 1672 281 1743 giam,
298 1670 766 1742 Paphlagoniam,
786 1669 1179 1737 Pamphiliam,
1201 1671 1460 1733 Pisidas,
1489 1670 1632 1720 cili-

98 1740 277 1800 ciam,
311 1739 553 1804 Syriam,
586 1736 935 1795 Phoenicem,
967 1738 1307 1798 Armeniam,
1328 1738 1628 1797 Persidem,

94 1806 319 1865 Medos,
340 1804 697 1855 Parthienem
720 1802 982 1854 habemus
1010 1804 1070 1853 in
1079 1814 1399 1872 potestate:
1432 1806 1630 1873 plures

93 1872 423 1944 provincias
446 1870 759 1939 complexus
776 1888 917 1934 sam,
968 1874 1134 1940 quam
1154 1872 1260 1921 alii
1277 1870 1440 1923 urbes
1461 1890 1627 1939 cepe·-

100 1948 271 1993 runt.-
330 1948 388 1989 et
402 1940 617 1999 nescio,
678 1956 753 1989 an
776 1940 1123 1990 enumeranti
1142 1937 1302 2001 mihi,
1395 1940 1632 1989 uaedam

102 2010 354 2075 ijosarum
388 2022 571 2057 rerum
607 2004 900 2065 multitudo
920 2005 1267 2057 subduxerit.
1337 1958 1542 2075 'taque
1582 2004 1633 2054 si

102 2073 414 2131 crederem,
484 2072 629 2123 satis
651 2083 857 2123 certam
880 2090 1001 2123 esse
1012 2072 1425 2141 possessionem
1445 2082 1631 2123 terra-

102 2158 229 2194 rum
238 2174 255 2199 ,
312 2156 453 2209 quas
472 2146 635 2189 tanta
654 2138 950 2191 'velocitate
971 2140 1274 2191 domuimus
1285 2160 1312 2199 ,-
1355 2156 1460 2209 ego
1485 2156 1630 2200 vero,

104 2208 328 2266 milites,
350 2206 680 2273 adpenatos
698 2223 861 2268 meos,
884 2208 963 2257 ad
970 2216 1270 2274 parentem
1291 2224 1628 2273 sororesque,

104 2284 165 2327 et
184 2283 391 2325 ceteros
413 2272 579 2332 cives,
600 2272 697 2325 vel
712 2274 1083 2325 renitentibus
1099 2273 1255 2325 vobis
1277 2290 1624 2342 erumperem,

102 2351 167 2391 ut
191 2340 631 2409 ibipotissimum
652 2350 831 2408 parta
859 2342 1131 2393 vobiscum
1164 2340 1331 2391 laude
1354 2351 1411 2392 et
1436 2339 1628 2419 gloria

102 2407 349 2469 fruerer,
412 2406 507 2473 ubi
523 2425 625 2458 nos
648 2408 925 2459 uberrima
955 2408 1228 2459 victoriae
1252 2424 1503 2475 praemia
1525 2420 1626 2453 ex-

105 2482 391 2541 spectant:
413 2470 725 2533 liberorum,
748 2476 1062 2545 coniugum,
1079 2484 1488 2543 parentumque
1501 2466 1629 2517 iae-

106 2543 251 2607 titia,
258 2559 384 2612 pax
392 2573 413 2603 ,
433 2542 603 2609 quies,
623 2559 806 2595 rerum
814 2559 923 2611 per
944 2546 1210 2596 virtutem
1219 2548 1514 2614 partarum
1536 2550 1624 2583 se·
1667 2577 1671 2579 -
