2084 3009
455 127 561 187 294
624 95 673 168 ,‘
987 101 1454 208 Q30URT11

456 239 633 296 posse,
670 225 900 273 lanceam
930 223 1124 282 emisit3
1181 238 1338 288 quam
1358 220 1642 288 Dioxippus
1663 235 1786 270 cum
1807 219 1992 287 exigua

457 293 686 359 corporis
720 281 1056 339 ‹le'clinatione
1085 290 1316 351 vitasset,
1357 301 1640 353 *antequam
1669 289 1757 336 ille
1788 287 1991 338 hastam

456 359 753 412 transferret
768 358 820 404 in
841 356 1090 417 dextram,
1112 357 1320 417 assiluit,
1361 367 1413 404 et
1431 357 1598 421 stipite
1619 354 1852 403 mediam
1873 373 1993 406 eam.

455 428 624 491 fregit.
688 422 894 474 Amisso
915 434 1133 488 utroque
1153 425 1274 484 telo,
1302 423 1516 472 Macedo
1539 421 1774 486 gladium
1795 438 1993 488 coepe-

454 505 535 544 rat
573 491 840 555 stringere:
888 507 1045 555 quem
1087 501 1392 555 occupatum
1429 491 1726 554 complexu,
1765 488 1992 554 pedibus

454 570 661 626 repente
683 557 947 608 subductis
965 557 1251 622 Dioxippus
1272 557 1497 606 arietavit
1533 557 1585 604 in
1606 568 1826 615 terram3
1869 571 1994 604 ere-

450 623 645 692 ptoque
666 624 835 689 gladio
856 623 1043 689 pedem
1064 641 1217 692 super
1235 625 1482 672 cervicem
1501 623 1704 671 iacentis
1723 623 1992 686 imposuit,

451 694 681 757 stipitem
700 693 968 751 intentans,
1010 691 1329 756 elisurusque
1351 707 1412 738 eo
1431 691 1638 752 victum,
1679 690 1732 736 ni
1749 687 1993 753 prohibi-

450 770 531 807 tus
554 769 685 806 esset
708 775 735 805 a
754 773 889 820 rege.
958 755 1142 806 Tristis
1162 757 1434 822 spectaculi
1454 768 1688 818 eventus,
1733 771 1841 804 non
1865 755 1993 806 Ma-

450 825 727 874 cedonibus
747 823 936 886 modo,
976 823 1068 873 sed
1090 826 1244 873 etiam
1262 822 1554 872 Alexandro
1576 823 1700 881 fuit-3
1756 823 1990 874 maxime

446 893 568 956 quia
586 885 792 940 barbari
810 893 1081 940 affuerant:
1103 893 1290 956 quippe
1313 891 1623 939 celebratam'
1636 887 1988 941 Macedonum

446 957 803 1008 fortitudinem
834 957 899 1006 ad
930 957 1218 1014 ludibrium
1237 956 1480 1006 recidisse
1499 957 1784 1006 verebatur.
1851 955 1991 1006 Hinc

446 1024 515 1073 ad
548 1025 959 1072 criminationem
982 1024 1278 1072 invidorum
1299 1023 1570 1088 adapertae
1590 1033 1708 1071 sunt
1726 1039 1876 1070 aures
1895 1039 1990 1072 re-

445 1091 539 1154 gis.
575 1079 643 1137 Et
662 1102 781 1152 post
802 1105 992 1153 paucos
1016 1089 1124 1137 dies
1145 1092 1278 1137 inter
1299 1092 1475 1152 epulas
1496 1105 1712 1137 aureum
1732 1089 1990 1153 poculum

447 1153 511 1205 e'x
533 1156 813 1220 composito
834 1153 1163 1202 subducitur:
1224 1155 1575 1220 ministrique,
1615 1157 1757 1218 quasi
1779 1156 1990 1204 amisis-

444 1233 576 1280 sent,
604 1219 745 1286 quod
766 1215 1088 1280 amoverant,
1100 1236 1279 1286 regem
1300 1219 1507 1270 adeunt.
1529 1221 1692 1285 Saepe
1713 1223 1889 1270 minus
1909 1234 1990 1272 est

445 1288 753 1338 constantiae
791 1288 845 1335 in
884 1287 1074 1336 rubore
1087 1324 1100 1346 ,
1141 1304 1300 1352 quam
1335 1289 1390 1336 in
1435 1289 1601 1353 culpa.
1671 1286 1990 1339 Coniectum

447 1357 745 1415 oculorum⁹,
765 1354 949 1420 quibus
974 1365 1033 1403 ut
1053 1354 1137 1404 sur
1157 1355 1518 1414 destinabatur,
1539 1355 1828 1420 Dioxippus
1850 1357 1986 1407 ferre

444 1440 553 1488 non
577 1423 768 1494 potuit:
828 1433 879 1470 et
909 1437 1028 1470 cum
1049 1423 1346 1472 excessisset
1367 1421 1622 1483 convivio,
1666 1422 1834 1470 literis
1855 1439 1990 1471 con-

447 1491 668 1554 scriptis,
708 1506 837 1554 quae
877 1489 985 1551 regi
1022 1487 1362 1537 redderentur
1375 1523 1388 1548 ,
1430 1487 1567 1536 ferro
1608 1505 1661 1536 se
1702 1489 1987 1540 interemit.

448 1555 688 1606 Graviter
707 1566 934 1603 mortem
954 1556 1061 1602 eius
1079 1555 1199 1602 tulit
1218 1571 1332 1614 rex,
1356 1555 1645 1604 existimans
1665 1553 1990 1618 indignatio-

446 1625 528 1673 nis
562 1639 698 1683 esse,
736 1637 843 1668 non
873 1621 1212 1686 poenitentiae
1243 1632 1450 1668 testem:
1488 1620 1687 1684 ·utique
1706 1633 1990 1686 postquam

448 1689 579 1738 falso
614 1688 971 1736 insimulatum
992 1703 1139 1748 enm,
1179 1688 1403 1735 nimium
1419 1686 1718 1736 invidorum
1734 1687 1988 1752 gaudium

448 1753 690 1803 ostendit.

550 1816 698 1866 CAP.
733 1817 876 1867 VIII.
944 1817 1198 1869 Indorum
1215 1819 1371 1884 legati
1393 1819 1587 1870 dimissi
1608 1818 1829 1881 domos}
1855 1837 1986 1888 pau-

452 1887 524 1936 cis
544 1897 661 1952 post
681 1883 858 1934 diebus
880 1901 1001 1933 cum
1019 1885 1170 1934 (lonis
1191 1897 1528 1935 revertuntur.
1579 1889 1824 1937 Trecenti
1845 1901 1988 1940 erant

453 1955 587 2020 equi,
608 1953 755 2000 mille
776 1952 981 2015 triginta
1003 1968 1198 2013 currus,
1221 1969 1350 2016 quos
1371 1953 1662 2018 quadriiugi
1681 1957 1801 2019 equi
1825 1955 1983 2005 duce-

450 2021 601 2081 bant,
626 2021 788 2068 lineae
808 2020 957 2068 vestis
979 2020 1322 2083 aliquantum,
1361 2020 1505 2068 mille
1528 2031 1669 2068 scuta
1689 2021 1894 2084 Indica,
1933 2034 1982 2072 et

450 2087 575 2136 ferri
597 2085 803 2134 candidi·
817 2087 1003 2134 talenta
1024 2098 1258 2146 centum3
1307 2087 1582 2152 leonesque
1612 2104 1757 2137 rarae
1777 2092 1980 2154 magni-

378 2157 392 2162 '
453 2151 649 2200 tudinis
673 2163 723 2200 et
744 2154 914 2216 tigres,
934 2160 1211 2216 ‘utulmque
1234 2152 1426 2201 animal
1446 2153 1511 2201 ad
1531 2156 1982 2206 mansuetudinem

454 2217 740 2277 domitum3
787 2220 1093 2276 lacertarum
1131 2235 1334 2282 quoque
1375 2220 1664 2282 ingentium
1702 2223 1896 2286 pelles,
1937 2233 1984 2272 et

456 2283 608 2334 dorsa
645 2285 979 2334 testudinum.
1020 2283 1232 2332 Cratero
1255 2284 1438 2334 deinde
1459 2287 1678 2350 imperat
1695 2305 1815 2350 rex,
1837 2289 1987 2340 haud

448 2350 651 2422 proc-'ul
666 2366 823 2401 amne
838 2389 850 2412 ‚
874 2368 982 2418 per
1001 2366 1162 2419 quem
1182 2359 1304 2400 erat
1324 2351 1442 2416 {pse
1462 2354 1870 2422 navigaturus,
1893 2373 1984 2406 co-

450 2420 586 2490 pias
606 2418 856 2468 duceret:
888 2435 975 2466 eos
996 2425 1203 2477 autem,
1234 2419 1322 2481 qui
1342 2420 1571 2467 comitari
1589 2437 1711 2468 eum
1730 2424 1982 2484 solebant,

412 2526 423 2530 -
460 2487 680 2552 imponit
698 2487 751 2534 in
770 2501 947 2542 naves,
988 2494 1037 2530 et
1060 2484 1113 2530 in
1132 2485 1254 2532 fines
1278 2484 1558 2532 Mallorum
1579 2487 1808 2535 secundo
1830 2507 1981 2538 amne

438 2553 743 2602 devehitur.
780 2550 936 2600 ·lnde
957 2548 1201 2600 Sabracas
1222 2549 1370 2616 adiit,
1408 2549 1632 2602 validam
1651 2553 1832 2604 Indiae
1851 2572 1980 2622 gen·
2049 2607 2051 2616 ¹

2057 1522 2073 1770 -ῌ--μ-ιψ
2062 1468 2072 1477 ι
