2084 3009
408 161 641 229 svr'PL.
660 175 737 230 m
758 179 825 247 Q.
846 177 1163 233 cvanvm
1182 183 1244 233 L.
1263 182 1334 234 11.
1533 185 1644 246 415

84 278 371 351 praefectis
393 297 514 330 orae
532 281 821 332 maritimae
849 281 1124 334 Persarum
1142 303 1286 350 reges
1318 301 1497 352 parere
1517 287 1635 337 ius-

88 351 284 401 serant.
338 347 555 412 Iamque
587 347 726 398 haud
758 349 980 416 amplius
1012 355 1330 418 septuaginta
1362 352 1534 402 stadiis
1570 354 1634 404 ab

90 419 225 468 urbe
247 417 442 477 aberat,
465 432 587 464 cum
607 415 673 465 ad
694 429 814 465 eum
832 417 1113 469 Mithrenes
1133 423 1285 481 venit,
1319 421 1399 468 cui
1419 422 1636 470 tutelam

90 487 223 535 arcis
237 481 521 532 San-dianae
532 482 720 532 Darius
734 483 1031 548 crediderat,
1056 503 1176 536 cum
1195 487 1637 553 principibusSar-

92 552 399 612 dianorum,
420 551 607 600 urbem
627 568 918 618 arcemque,
951 565 1001 603 et
1020 557 1312 620 pecuniam,
1353 571 1482 618 quae
1504 555 1556 603 in
1578 571 1637 604 ea

92 617 505 679 custodiebatur,
524 617 783 668 tradituri.
836 620 1042 686 Quibus
1066 621 1286 686 benigne
1307 623 1550 687 exceptis,
1571 620 1636 672 ad
1658 637 1664 642 ·

87 687 359 737 Hermum
378 686 594 736 fluvium
612 685 953 752 progreditur,
992 689 1172 752 viginti
1208 689 1314 738 sere
1353 688 1637 738 stadiis-ab

89 756 225 806 urbe
248 752 550 805 distantem.
602 753 681 804 lbi
703 755 875 804 castris
896 756 1092 820 positis,
1114 752 1396 821 Amyntam
1421 753 1636 806 Andro-

90 822 268 886 menis
301 821 471 869 filiurn
509 819 576 870 ad
612 821 963 886 recipiendam
993 839 1165 872 arcem
1195 824 1493 890 praemittit.
1560 823 1636 872 Ea

90 889 371 958 praecelso
391 889 512 936 loco
533 888 646 948 sita,
686 888 883 937 difficili
904 891 1236 956 undequaque
1257 891 1416 951 aditu,
1451 889 1639 939 adver·-

87 975 180 1007 sus
204 971 572 1022 quamcunque
591 956 699 1006 vim
728 958 893 1006 teneri
926 969 1179 1021 potuerat,
1221 956 1418 1006 etiamsi
1437 972 1636 1017 murus,

89 1025 185 1090 qni
226 1023 297 1072 tri
335 1023 425 1071 liei
463 1023 787 1088 munimento
825 1024 978 1072 illam
1017 1025 1334 1084 circumibat,
1375 1023 1638 1072 abfuisset.

88 1093 235 1154 Ergo
256 1041 489 1140 felicitati
508 1105 627 1138 suae
646 1091 946 1155 gratulatus,
988 1091 1133 1157 quod
1171 1091 1514 1157 amplissimas
1553 1106 1635 1139 res

90 1159 273 1230 animo
308 1159 620 1218 volventem,
658 1173 755 1206 arx
791 1159 1139 1208 munitissima
1176 1161 1330 1224 longa
1369 1158 1655 1208 obsidione·

93 1243 205 1275 non
226 1224 555 1290 implicasset,
594 1223 705 1274 Iovi
746 1223 995 1293 Olympio
1033 1229 1294 1296 templum
1330 1225 1406 1280 ibi
1441 1239 1638 1294 ponere

92 1292 341 1344 decrevit.
404 1290 641 1357 Cumque
680 1293 899 1350 sollicite
940 1296 1386 1361 circumspiceret,
1423 1297 1655 1360 quinam·

91 1362 244 1410 locus
267 1359 592 1425 accipiendae
612 1358 727 1408 aedi
745 1361 971 1412 maxime
990 1374 1318 1428 opportunus
1335 1363 1484 1420 foret,
1505 1374 1638 1410 eon·-

92 1428 273 1496 sestim
292 1438 464 1476 exorta
480 1427 757 1477 vehemens
778 1437 1053 1494 tempestas
1073 1431 1242 1479 multo
1255 1429 1421 1477 imbre
1433 1438 1636 1492 partem

91 1495 223 1545 arcis
243 1493 489 1561 perfudit,
528 1495 619 1547 ubi
637 1507 783 1544 vetus
804 1495 1076 1564 Lydorum
1093 1498 1234 1562 regia
1253 1496 1432 1546 suerat.
1501 1495 1635 1543 Eam

92 1564 270 1627 itaque
292 1560 470 1611 sedem
483 1573 613 1611 nutu
623 1562 859 1612 Deorum
872 1563 1120 1615 destinari
1133 1563 1364 1625 credens,
1375 1559 1634 1628 templum

89 1627 172 1686 ibi
192 1629 465 1680 constitui
480 1631 642 1680 iussit.
696 1627 819 1680 Arci
842 1631 1031 1681 deinde
1053 1632 1358 1681 'Pausaniam
1398 1646 1460 1678 ex
1499 1631 1634 1680 ami·-

89 1711 282 1750 eorum
310 1696 522 1746 cohorte
542 1700 827 1764 praeponit,
868 1700 1120 1749 attributis
1139 1696 1455 1761 Argivorum
1485 1696 1635 1745 auxi-

86 1767 209 1818 liis:
252 1774 445 1814 ceteras
478 1766 741 1819 sociorum
772 1767 944 1832 copias
976 1783 1095 1814 cum
1117 1764 1240 1814 Cala
1263 1776 1316 1813 et
1333 1762 1632 1814 Alexandro

87 1829 294 1897 Aeropi
314 1829 418 1880 filio
437 1832 491 1881 in
508 1832 802 1882 Memnonis
830 1833 1212 1898 praefecturam
1233 1832 1488 1881 immittit.
1522 1830 1636 1882 Ve-

88 1898 369 1966 ctigalibus
429 1900 729 1965 tributisque
780 1899 1081 1964 colligendis
1119 1900 1321 1951 Niciam
1370 1898 1636 1966 quendam

90 1967 349 2033 praeficit3
386 1962 685 2016 Asandrum
711 1965 943 2016 Philotae
983 1969 1154 2016 filium
1191 1967 1400 2031 Lydiae,
1444 1967 1636 2029 quibus

90 2035 285 2085 finibus
306 2032 643 2100 Spithridates
664 2035 931 2084 tenuisset.
982 2033 1106 2082 Dati
1126 2033 1193 2082 ad
1213 2034 1268 2082 id
1288 2032 1483 2096 equites
1511 2045 1634 2080 cum

93 2100 350 2170 expeditIs
376 2099 687 2163 cohortibus,
716 2111 847 2167 quot
864 2101 918 2150 in
937 2100 1223 2166 praesentia
1242 2097 1503 2148 suffecturi
1526 2115 1632 2162 pu·-

95 2171 357 2220 tabantur.
386 2167 585 2235 ,Lydos
606 2173 785 2218 omnes
806 2169 913 2218 suis
936 2169 1138 2232 legibus
1159 2167 1319 2215 libere
1337 2165 1412 2212 uti
1432 2165 1633 2230 permi-

92 2238 188 2299 sit3
208 2247 261 2286 et
278 2237 399 2302 quia
418 2235 697 2286 Sardianos
717 2235 929 2294 Dianae,
950 2251 1110 2300 quam
1132 2231 1413 2293 Goloenem
1430 2243 1632 2292 vocant,

92 2305 260 2354 cultui
280 2302 483 2354 deditos
505 2316 837 2367 cognoverat,
877 2303 1018 2352 illius
1037 2303 1238 2368 templo
1263 2302 1342 2350 ius
1363 2301 1492 2364 asyli
1513 2317 1634 2365 gra-

92 2373 317 2424 tiflcatus
346 2383 439 2420 est.
492 2371 787 2422 Mithrenen
825 2369 1106 2420 honorifice
1145 2385 1324 2419 secum
1343 2367 1534 2428 hahuit,
1573 2377 1634 2416 ut

93 2441 207 2490 eius
229 2439 473 2505 exemplo
495 2448 547 2488 et
564 2439 693 2488 alios
716 2438 782 2488 ad
802 2436 1156 2504 proditionem
1174 2437 1414 2486 illiceret:
1445 2449 1636 2498 proce·

94 2505 251 2557 dente
272 2517 508 2573 tempore
530 2517 581 2555 et
600 2504 909 2556 Armeniam
928 2503 1132 2554 homini
1165 2500 1450 2568 regendam
1483 2516 1632 2548 com-

96 2575 255 2623 misit.
276 2571 524 2624 Ceterum
542 2575 757 2640 repertis
780 2574 835 2622 in
854 2590 969 2622 arce
987 2573 1195 2633 libellis,
1215 2573 1270 2620 in
1290 2567 1476 2634 quibus
1499 2568 1632 2616 iuter

97 2651 266 2692 cetera
286 2642 599 2710 perscriptae
618 2652 765 2693 erant
781 2641 1105 2707 largitiones,
1147 2639 1216 2692 ob
1235 2639 1438 2690 Bellum
1455 2633 1630 2686 Mace-
