2084 3009
552 160 1141 215 Llessnvm.
1506 124 1693 225 239⁸

89 276 204 330 nus-
221 259 320 311 suis
347 262 647 328 imperantis
679 266 812 313 inter
839 264 1083 329 obsequia
1115 267 1347 315 fortunae
1364 302 1378 326 ,
1434 279 1610 317 contra

87 347 248 395 quam·
261 347 364 378 non
385 329 672 379 satis-cauta
690 330 974 380 mortalitas
1006 344 1101 381 est.
1166 332 1344 397 Itaque
1366 334 1453 383 ille.
1468 371 1481 394 ,
1522 335 1611 399 qui
1648 332 1653 335 ’

77 408 300 446 'uxorem
319 396 494 459 Darii,
532 398 622 467 qui
643 398 770 451 duas
803 399 930 447 filias
948 400 1195 463 virgines,
1236 401 1419 464 quibus
1443 402 1609 451 forma

84 474 282 531 praeter
300 464 568 513 Roxanem
589 466 874 531 comparari
893 467 1038 515 nulla
1069 478 1297 533 poterat,
1338 466 1475 516 haud
1506 468 1608 517 alio

83 532 255 580 animo
269 565 284 592 ,
324 546 480 595 quam
497 534 753 597 parentis,
795 532 1120 597 adspexerat,
1160 546 1282 583 tunc
1301 534 1354 582 in
1375 550 1607 583 amorem

81 600 408 662 virgunculae
421 636 436 661 ,
472 600 516 647 si
529 598 697 663 regiae
709 599 851 663 stirpi
865 614 1260 665 compararetur,
1271 604 1529 667 ignobilis,
1541 604 1609 655 ita

78 667 272 715 effusus
292 677 397 725 est,
423 678 482 716 ut
502 666 691 716 diceret
713 666 792 717 ad
809 667 1203 721 stabiliendum
1220 686 1457 739 regtgum
1466 687 1609 739 per·
1636 678 1647 683 ’

27 738 35 745 '
75 732 288 791 tinere,
303 732 519 785 Persa-5
543 742 600 783 et
617 736 968 785 Macedones
989 737 1257 787 connubio
1276 739 1467 809 iungi:
1506 739 1607 788 hoc

73 816 187 850 uno
208 798 365 850 modo
387 809 444 849 et
457 800 726 867 pudorem
746 802 916 853 victis
927 838 943 871 2
967 813 1024 853 et
1043 804 1358 872 superbiam
1378 806 1607 871 victori-

71 867 176 917 bus
197 864 426 917 detrahi
431 884 623 937 posse.
691 869 968 935 Achillem
983 889 1217 948 quoque,
1242 890 1279 923 a
1299 890 1405 942 quo
1423 890 1607 943 genua

69 935 194 1000 lpse
213 934 538 1003 deduceret,
561 952 679 986 cum
700 938 923 1005 captiva
945 955 1117 989 comae
1132 958 1149 989 .·
1189 956 1258 989 ne
1279 940 1483 1008 inferri
1500 958 1606 993 ne-

104 1020 171 1051 as
191 1002 634 1064 arbitrarentur,
669 1005 755 1054 ita
775 1007 1113 1057 matrimonii
1131 1006 1249 1058 iure
1266 1006 1403 1059 velle
1424 1007 1606 1076 iungi.

99 1082 335 1136 nsperato
361 1070 550 1137 gaudio
571 1073 733 1122 laetus
763 1085 905 1139 pater
933 1092 1231 1125 sermonem
1253 1076 1359 1125 eius
1382 1076 1605 1143 excepit:

73 1149 123 1188 et
150 1154 244 1188 rex
274 1138 450 1187 medio
485 1139 773 1204 cupiditatis
811 1140 994 1192 ardore
1023 1144 1171 1192 iussit
1202 1142 1411 1213 afferri
1436 1143 1609 1211 patrio

74 1222 221 1255 more
232 1220 459 1271 panem.
478 1206 598 1255 Hoc
612 1220 717 1257 erat
737 1208 875 1274 apud
893 1209 1201 1260 Macedones
1222 1212 1601 1261 sanctissimum

69 1274 373 1323 coeluntium
390 1273 605 1340 pignus:
649 1292 807 1339 quem
832 1274 1054 1325 divisum
1076 1277 1247 1341 gladio
1262 1315 1275 1338 ,
1296 1290 1512 1341 uterque
1533 1277 1600 1324 li-

73 1341 246 1391 babat.
283 1338 453 1391 Credo
477 1358 584 1402 eon,
606 1342 692 1407 qui
714 1342 877 1405 gentis
897 1358 1073 1391 mores
1097 1344 1461 1403 condiderunt,
1482 1360 1604 1407 par-

67 1426 129 1459 co
146 1420 197 1457 et
215 1408 433 1473 parabili
451 1409 589 1458 victu
605 1404 877 1456 ostendere
889 1409 1112 1457 voluisse
1128 1409 1453 1472 iungentibus
1467 1424 1605 1471 opes,
1667 1434 1682 1443 =

67 1476 326 1542 quantulo
345 1474 568 1531 contenti
591 1473 982 1524 essedeberent.
1031 1474 1147 1525 Hoc
1164 1474 1325 1523 modo
1346 1492 1437 1523 rex
1454 1470 1606 1523 Asiae

65 1556 121 1595 et
141 1544 386 1608 Europae
417 1541 765 1592 introductam
789 1542 922 1591 inter
943 1544 1230 1592 convivales
1250 1541 1401 1591 ludos
1420 1543 1605 1591 matri-

63 1611 253 1663 monio,
274 1610 372 1658 sibi
384 1609 630 1672 adiunxit,
653 1628 679 1659 e
701 1612 893 1675 captiva
917 1612 1180 1675 geniturus
1194 1648 1208 1671 ,
1230 1609 1604 1676 quivictorihus
1646 1628 1651 1631 ·

61 1680 370 1745 imperaret.
443 1681 448 1686 '
469 1675 702 1738 Pudebat
721 1679 912 1727 amicos
927 1716 940 1738 ‚
979 1695 1135 1744 super
1154 1680 1335 1727 vinum
1356 1678 1603 1742 etepulan

60 1760 316 1797 socerum
347 1759 411 1797 ex
443 1742 630 1792 deditis
667 1761 771 1792 esse
795 1745 1041 1824 electum:
1093 1744 1185 1795 sed
1204 1756 1321 1811 post
1342 1744 1463 1793 Cliti
1486 1748 1603 1793 cae·-

61 1813 190 1863 dem
210 1811 450 1861 libertate
463 1810 678 1873 sublata,
699 1810 969 1879 vultu,qu1
988 1814 1213 1863 maxime
1234 1813 1402 1877 servit,
1426 1830 1601 1861 assen-

60 1881 346 1931 tiebantur.
1430 1935 1434 1940 K

118 1944 294 1997 *CAR
314 1944 398 2016 11Ὺ.
466 1942 708 1995 Ceterum
725 1946 944 2009 Indiam,
967 1958 1016 1997 et
1037 1946 1157 1997 inde
1178 1948 1445 1997 Oceanum
1464 1946 1599 2012 peti-

63 2016 234 2075 turfiS,
255 2030 321 2063 ne
343 2010 470 2079 quid
489 2031 516 2061 a
529 2022 690 2079 terg'o,
711 2015 855 2079 quod
876 2015 1123 2064 destinata
1144 2016 1392 2079 impedire
1414 2024 1601 2078 posset,

62 2092 383 2143 moveretur,
405 2097 474 2129 ex
495 2080 743 2141 omnibus
753 2080 1068 2148 provinciis
1088 2096 1205 2129 xxx
1229 2079 1404 2129 millia
1424 2080 1600 2129 iunio-

61 2167 188 2199 rum
211 2145 335 2219 legi
351 2148 524 2206 iussit,
566 2146 729 2197 et'ad
758 2166 832 2203 se,
851 2155 1073 2215 armata
1082 2148 1322 2213 perduci
1330 2168 1355 2207 ,·
1397 2142 1605 2196 obside?

63 2216 227 2267 simul
246 2215 530 2276 habiturus,
544 2226 603 2264 et
621 2217 834 2266 milites.
906 2214 1176 2267 Craterum
1197 2228 1370 2263 autem
1390 2215 1457 2263 ad
1476 2233 1598 2281 per—-

62 2282 706 2349 sequendos‘Haustanem
735 2296 786 2332 et
806 2282 1081 2343 Catenem,
1126 2284 1211 2345 qui
1233 2285 1295 2335 ab
1317 2284 1429 2349 ipso
1454 2282 1601 2330 defe-

61 2364 258 2413 cerant,
279 2350 444 2401 misit:
493 2366 721 2415 quorum
739 2350 1022 2399 Haustanes
1044 2362 1219 2416 captus
1243 2360 1343 2410 est;
1384 2348 1599 2398 Catenes

59 2418 116 2468 in
135 2418 344 2483 proelio
366 2417 580 2469 occisus.
613 2418 932 2487 Polypercon
953 2434 1158 2482 quoque
1169 2416 1448 2479 regionem,
1472 2432 1599 2478 quae

57 2484 367 2535 Bubacene
409 2486 726 2550 appellatur,
765 2487 818 2533 in
860 2484 1113 2534 ditionem
1144 2484 1355 2548 redegit.
1423 2482 1599 2543 Itaque

59 2554 315 2604 omnibus
348 2554 652 2618 compositis
686 2548 1016 2615 cogitationes
1050 2554 1103 2601 in
1133 2552 1332 2602 bellum
1358 2548 1596 2597 Indicum

58 2621 232 2671 vertit.
303 2620 459 2671 Dives
498 2622 642 2687 regio
680 2620 962 2691 habebatur
991 2636 1099 2668 non
1128 2636 1250 2667 aum
1279 2617 1467 2679 modo,
1492 2613 1595 2672 ‚sed

1536 2714 1556 2727 s
