2084 3009
658 147 999 199 LIBER
1068 122 1212 201 v1.”
1574 159 1678 217 169

260 245 409 299 CAR.
443 248 585 299 vm.
650 247 918 300 Advocato
948 262 1125 303 tamen
1145 252 1358 302 consilio
1377 254 1681 321 amicorum,

154 320 240 370 eui
256 330 375 367 tum
389 316 621 367 Philotas
642 316 897 367 adhibitus
915 336 1023 368 non
1043 319 1144 383 e‘st,
1174 318 1564 371 Nicomachum
1587 326 1679 375 in-

154 384 379 437 troduci
398 384 556 434 iubet.
619 412 625 417 >·
651 384 702 437 Is
719 384 922 447 eadem,
984 404 1112 453 quae
1133 387 1384 437 detulerat
1403 388 1469 437 ad
1487 406 1680 456 regem,

153 454 339 507 ordine
362 454 615 519 exposuit.
715 452 1097 509 EratCratel-us
1119 456 1226 520 regi
1249 473 1391 505 carus
1413 456 1466 505 in
1487 459 1676 522 paucis,

152 535 203 573 et
236 538 299 571 eo
320 519 551 570 Philotae
587 521 653 569 ob
692 522 1088 571 aemulationem
1112 522 1372 588 dignitatis
1413 522 1681 573 adversus:

149 604 319 653 neque
342 588 624 650 ignorabat,
645 604 794 653 saepe
812 585 1093 639 Alexandri
1118 591 1322 639 auribus
1343 590 1502 639 nimia
1520 592 1681 641 iacta-

150 658 291 706 tione
310 655 513 703 virtutis
532 667 680 720 atque
703 672 883 718 operae
904 672 1111 719 gravem
1131 658 1282 707 fuisse
1300 677 1312 720 3
1335 669 1386 706 et
1406 658 1472 706 ob
1495 675 1553 707 ea
1573 676 1680 709 nou

151 721 371 787 quidem
390 723 617 783 sceleris,
660 721 745 773 sed
772 726 1122 774 contumaciae
1142 736 1314 775 tamen
1329 762 1342 787 ,
1365 737 1680 790 suspectum.

149 791 271 839 Non
292 788 452 837 aliam
468 788 735 853 premendi
757 790 949 839 inimici
972 794 1294 841 occasionem
1319 793 1570 858 aptiorem
1591 793 1682 842 fu-

150 856 329 907 turam
365 866 531 917 ratus,
582 855 701 905 odio
737 873 830 905 suo
869 858 1072 921 pietatis
1114 860 1402 923 praeferens
1439 860 1679 927 speciem,

156 922 415 982 Utinam,
449 922 639 987 inquit,
678 922 737 972 in
747 922 1027 989 princi-pio
1050 940 1264 992 quoque
1284 922 1452 974 huius
1472 925 1559 973 rei
1576 942 1680 975 no-

149 988 360 1039 biscum
417 988 801 1041 deliberasses.
870 991 1241 1043 Suasissemus
1252 1026 1268 1050 ,
1322 994 1373 1042 si
1428 990 1680 1046 Philotae

147 1056 319 1107 velles
351 1054 671 1125 ignoscere,
694 1057 982 1123 patereris
1004 1060 1210 1124 ‚potius
1250 1059 1514 1128 ignorare
1556 1074 1680 1111 eum

146 1132 419 1191 quantum
443 1124 665 1179 deberet
690 1122 829 1181 tibi,·
870 1142 1032 1193 quam
1057 1142 1230 1195 usque
1252 1126 1331 1175 ad
1346 1125 1540 1177 mortis
1562 1144 1678 1177 me-

146 1202 265 1241 tum
310 1190 635 1252 adductum,
678 1206 906 1261 cogeres
935 1194 1132 1260 potius
1172 1194 1236 1243 de
1266 1192 1515 1261 periculo
1554 1210 1675 1255 su0,

144 1274 315 1329 quam
336 1258 405 1307 de
426 1266 522 1307 tuo
542 1268 794 1327 cogztare
816 1256 1105 1327 beneficio.
1171 1259 1276 1311 Ille
1299 1261 1443 1311 enim
1463 1275 1677 1328 semper

144 1324 415 1377 insidiari
433 1323 785 1391 tibipoterit;
846 1334 909 1374 tu
930 1342 1039 1374 non
1059 1342 1270 1391 semper
1294 1326 1554 1377 Philotae
1559 1340 1688 1397 pot..

145 1395 255 1443 eris
302 1385 613 1461 ignoscere.
680 1393 797 1441 Nec
824 1400 911 1439 est
930 1392 1082 1459 quod
1099 1393 1400 1450 existimes,
1423 1409 1556 1452 eum,
1580 1392 1685 1460 qui

144 1468 369 1513 tantum
389 1457 628 1524 facinus
667 1474 843 1507 ausus
883 1467 995 1516 est,
1044 1458 1210 1508 venia
1235 1473 1410 1525 posse
1452 1459 1676 1508 mutari.

141 1528 292 1585 Scit,
336 1542 457 1585 eos,
498 1527 597 1595 qui
614 1524 1045 1577 misericordiam
1067 1532 1509 1585 consumserunt,
1553 1540 1674 1575 am-

133 1594 295 1663 plius
314 1610 545 1659 sperare
566 1610 675 1643 non
688 1609 875 1659 posse.
941 1594 1024 1655 At
1044 1610 1150 1661 ego
1163 1632 1175 1652 ‚
1198 1592 1422 1644 etiamsi
1439 1592 1558 1660 ipse
1583 1590 1679 1643 vel

134 1654 487 1729 poenitentia
516 1660 605 1711 vel
632 1658 901 1729 beneflcio
931 1670 1025 1710 tuo
1054 1660 1240 1711 victus
1271 1662 1554 1739 quiescere
1571 1676 1675 1711 vo-

139 1728 221 1780 let
230 1750 257 1787 ,·
284 1736 507 1795 patrem
526 1728 647 1777 eius
666 1728 1106 1791 Parmenionem,
1129 1736 1277 1778 tanti
1297 1727 1488 1779 ducem
1508 1743 1674 1778 exer-

140 1798 311 1852 citus,
353 1804 410 1844 et
428 1795 749 1845 inveterata
770 1795 925 1860 apud
942 1794 1150 1849 milites
1169 1805 1294 1846 tuos
1314 1795 1671 1855 auctoritate,
1692 1826 1702 1831 -

139 1862 303 1913 haud
320 1861 546 1911 multum
574 1859 729 1925 infra
760 1862 1173 1929 magnitudinis
1203 1872 1335 1911 tuae
1353 1860 1673 1939 fastigium

135 1930 418 1998 positum,
458 1927 573 1978 scio
606 1944 713 1977 non
738 1929 915 1994 'aequo
951 1929 1135 1978 animo
1165 1928 1406 1979 salutem
1426 1926 1548 1992 filu·
1580 1927 1673 1975 sui
1737 1956 1744 1963 -

140 1996 461 2047 debiturum
515 1993 636 2044 tibi.
749 1995 1032 2059 Quaedam
1093 1993 1369 2063 beneficia
1442 1992 1672 2042 odimus.

138 2062 428 2113 Meruisse
456 2070 684 2111 mortem
718 2058 982 2128 confiteri
1004 2062 1194 2127 pudet.
1273 2062 1567 2125 Superest,
1608 2060 1673 2108 ul·

136 2128 305 2181 malit
343 2128 529 2179 videri
564 2128 829 2195 iniuriam
869 2127 1153 2194 accepisse
1173 2163 1188 2185 ‚
1277 2142 1442 2195 quam
1476 2127 1668 2176 vitam·

135 2196 387 2250 Proinde
408 2196 524 2246 scio
535 2230 552 2255 ,
573 2195 678 2246 tibi
694 2213 815 2245 cum
832 2194 945 2245 illis
965 2196 1033 2245 de
1056 2194 1239 2255 salute
1262 2209 1384 2243 esse
1393 2208 1670 2263 pugnan-

138 2266 293 2317 dum·
381 2262 535 2313 Satis
572 2263 811 2313 hostium
848 2272 1127 2329 superest,
1184 2261 1264 2311 ad
1299 2278 1438 2330 quos
1467 2277 1671 2328 perse-

137 2330 392 2402 querulos
414 2330 553 2380 ituri
570 2346 784 2389 sumus:
848 2328 995 2380 latus
1016 2346 1054 2378 a
1083 2327 1394 2381 domesticis
1420 2326 1671 2381 hostibus

141 2399 317 2451 muni.
386 2398 509 2448 Hos
528 2398 585 2449 si
600 2396 909 2455 submoves,
962 2396 1105 2447 nihil
1128 2404 1308 2446 metuo
1328 2394 1670 2446 abes-terno.

140 2466 284 2518 Haeo
304 2464 566 2521 Craterus.
632 2464 741 2517 Nec
761 2464 915 2518 ceteri
953 2463 1280 2524 dubitabant,
1321 2462 1453 2531 quin
1473 2463 1670 2511 coniu-

140 2532 389 2585 rationis
411 2530 679 2583 indicium
706 2546 1104 2597 suppressuras
1135 2546 1240 2579 non
1251 2526 1499 2597 fuisset,
1557 2526 1672 2576 nist

136 2608 368 2662 auctor,
414 2608 519 2654 aut
529 2598 833 2667 particeps.
905 2598 1069 2663 Quem
1090 2596 1230 2649 enim
1238 2595 1398 2663 pium
1418 2600 1475 2643 et
1495 2590 1670 2653 bonae
