2084 3009
643 80 974 135 LIBER
1036 84 1154 137 111.
1580 90 1651 152 43

46 200 48 205 ’
115 205 176 239 re
195 187 511 240 vulneribus
542 184 776 249 acceptis·
839 182 980 233 Inter
996 185 1091 235 hos
1120 185 1359 255 Atizyes,
1398 200 1453 240 et
1476 190 1649 243 Rheo-

115 256 362 309 mithres.
382 266 437 303 et
458 253 674 301 Sabaces
696 259 898 315 praetor
918 246 1155 319 Aegy'pti,
1172 270 1481 319 magnorum
1502 274 1651 307 0121-

118 324 329 371 cituum
360 319 634 386 praefecti,
672 316 1080 379 noscitabantur:
1121 321 1253 371 circa
1282 338 1371 371 eos
1391 326 1653 375 cumulata

113 400 228 439 erat
243 386 492 454 peditum
526 386 856 450 equitumque
889 384 1156 440 obscurior
1183 386 1349 437 turba.
1396 384 1651 441 Maccdo-

111 472 248 505 nnm
268 470 484 518 quoque
505 470 614 500 non
633 448 843 517 quidem
873 451 1051 513 multi,
1076 453 1183 507 ,sed
1212 458 1547 518 promtissimi
1566 470 1651 507 ta·-

112 536 242 572 men
261 522 404 569 caesi
425 529 571 569 sunt:
611 520 742 565 inter
762 534 891 581 quos
909 514 1196 574 Alexandri
1216 520 1457 571 dextrum
1480 522 1650 575 femur

110 590 312 638 leviter
322 602 576 635 mucrone
596 584 922 651 perstrictum
939 598 1031 635 est.
1097 586 1311 651 Iamque
1330 589 1421 653 qui
1432 588 1651 639 Darium

113 655 381 705 vehebant
401 652 548 717 equI,
590 651 810 699 confossi
837 650 990 701 hastis
1014 664 1065 701 et
1094 652 1276 703 dolore
1308 654 1527 717 efferati,
1565 656 1652 705 iu·-

110 738 250 786 gum
271 731 504 785 quatere,
523 730 576 767 et
593 733 771 781 regem
789 735 943 767 curru
963 731 1198 769 excutere
1218 733 1510 786 coeperant3
1529 738 1651 771 cum

107 790 207 837 ine
220 824 237 849 ,
279 788 574 837 veritusne
602 786 745 833 vivus
773 787 970 835 veniret
1005 787 1059 834 in
1077 785 1306 837 hostium
1332 799 1650 853 potestatem,

109 854 323 915 desilit,
347 853 472 901 etin
493 866 714 915 equum,
747 853 835 916 qui
853 851 919 901 ad
937 851 1038 903 hoc
1058 855 1389 918 sequebatur,
1419 856 1652 921 imponi-

107 933 234 970 tur:
273 918 564 982 insignibus
583 934 792 982 quoque
811 920 1042 983 imperii,
1078 938 1145 969 ne
1166 921 1341 985 fugam
1358 920 1651 986 proderent,

109 987 368 1037 indecore
391 986 620 1033 abiectis.
687 984 828 1033 Tum
845 1002 968 1034 vero
998 988 1155 1037 ceteri
1186 987 1503 1054 dissipantur
1532 1004 1650 1037 me-

107 1068 199 1115 tu3
222 1064 278 1103 et
298 1069 404 1117 qua
423 1051 607 1116 cuique
627 1052 830 1116 patebat
850 1050 914 1099 ad
933 1050 1111 1117 fugam
1128 1054 1225 1116 via,
1246 1066 1540 1121 erumpunt,
1561 1073 1649 1105 ax·-

109 1138 203 1169 ma
221 1121 496 1178 iacientes,
537 1134 666 1181 quae
694 1119 848 1182 paulo
881 1132 996 1169 ante
1027 1120 1094 1170 ad
1124 1122 1343 1171 tutelam
1374 1132 1659 1188 corporum'

111 1195 439 1237 sumserant:
463 1183 591 1233 adeo
613 1200 772 1249 pavor
791 1186 944 1235 etiam
961 1188 1147 1237 auxilia
1169 1188 1495 1242 formidabat.
1561 1187 1650 1238 In-

113 1256 288 1303 stabat
308 1251 626 1315 fugientibus
647 1268 800 1316 eques
821 1270 851 1300 a
867 1248 1209 1308 Parmenione
1229 1258 1415 1305 missus
1427 1292 1442 1317 ,
1464 1266 1515 1307 et
1533 1255 1647 1304 for·-

113 1332 166 1370 te
187 1319 324 1377 inid
355 1334 517 1367 cornu
552 1334 732 1366 omnes
763 1318 884 1380 fuga
915 1320 1213 1369 abstulerat.
1280 1319 1352 1371 At
1378 1323 1433 1371 in
1460 1320 1648 1373 dextro

112 1385 304 1436 Persae
326 1386 604 1433 Thessalos
639 1384 834 1448 equites
854 1383 1184 1433 v‘ehementer
1202 1388 1466 1449 urgebant.
1502 1384 1646 1433 Iam-

117 1471 218 1519 que
238 1470 347 1503 una
368 1453 450 1499 ala
471 1452 583 1518 ipso
605 1446 1115 1515 impetu'proculcata
1136 1462 1257 1501 erat:
1278 1468 1399 1501 cum
1418 1448 1645 1500 Thessa-

115 1522 173 1582 li,
195 1532 408 1570 strenue
429 1518 747 1568 circumactis
769 1518 913 1582 equis
935 1517 1147 1582 dilapsi,
1166 1528 1345 1568 rursus
1375 1518 1429 1567 iu
1449 1518 1648 1583 proeli-

119 1604 215 1636 um
235 1584 488 1645 redeunt3
523 1600 827 1650 sparsosque
853 1595 904 1633 et
931 1584 1301 1651 incompositos
1323 1585 1563 1637 victoriae
1582 1584 1652 1632 fi·-

117 1652 272 1703 ducia
305 1652 552 1701 barbaros
579 1651 776 1713 ingenti
809 1648 962 1700 caede
981 1664 1331 1717 prosternunt.
1395 1652 1531 1716 Equi
1549 1658 1651 1718 pai
1704 1696 1709 1703 .

117 1722 246 1771 riter
285 1720 585 1784 equitesque
623 1716 895 1766 Persarum
933 1720 1063 1767 serie
1105 1720 1416 1769 laminarum
1453 1734 1647 1782 graves,

119 1802 326 1851 agmen,
367 1784 506 1851 quod
525 1785 780 1833 celeritate
801 1785 1024 1833 maxime
1048 1796 1257 1845 constat,
1289 1800 1436 1849 aegre
1455 1786 1650 1833 molie-

115 1855 312 1919 bantur
332 1868 346 1901 t
426 1852 616 1915 qnippe
635 1850 688 1899 in
705 1851 1109 1914 circumagendis
1130 1853 1271 1917 equis
1290 1853 1393 1901 suis
1418 1852 1650 1901 Thessali

115 1922 322 1970 multos
333 1934 460 1967 occu
465 1928 722 1983 paverant.
732 1916 841 1965 Hac
849 1929 958 1966 tam
966 1934 1211 1985 prospera
1219 1934 1393 1984 pugna
1402 1918 1649 1978 nuntiata,

114 1984 442 2045 Alexander,
458 1998 564 2032 non
583 1995 699 2033 ante
717 2000 870 2033 ausus
892 1988 1133 2051 persequi
1143 1986 1419 2049 barbaros,
1456 1983 1651 2031 utrim-

118 2072 222 2121 que
244 2053 354 2102 iam
379 2052 542 2102 victor
560 2052 748 2099 instare
777 2051 1090 2113 fugientibus
1111 2053 1295 2118 coepit.
1360 2047 1513 2098 Haud
1531 2066 1650 2097 am·-

115 2123 260 2189 plius
279 2134 459 2182 regem
479 2134 636 2183 quam
653 2119 800 2167 mille
821 2117 1014 2181 equites
1037 2120 1407 2183 sequebanmr3
1428 2132 1551 2165 cum
1560 2116 1649 2175 inq-

121 2204 254 2253 gens
287 2185 574 2235 multitudo
609 2184 838 2234 hostium
858 2182 1076 2233 caderet.
1108 2184 1213 2234 Sed
1241 2186 1354 2250 quis
1378 2194 1465 2235 aut
1488 2183 1543 2233 in
1563 2184 1649 2232 vi·-

122 2254 288 2305 ctoria
301 2287 318 2315 ,
341 2263 428 2300 aut
441 2254 502 2301 in
521 2252 642 2317 fuga
662 2252 830 2317 copias
850 2248 1125 2321 numerat?
1159 2248 1458 2315 Agebantur
1480 2266 1598 2315 ergo
1618 2266 1651 2299 u

118 2334 234 2371 tam
252 2320 432 2385 paucis
451 2334 702 2385 pecorum
719 2316 907 2378 modo3
947 2328 998 2365 ct
1017 2315 1157 2371 idem
1180 2328 1359 2379 metus,
1380 2318 1471 2383 qui
1491 2333 1651 2379 cogo-

119 2390 214 2441 bat
233 2390 415 2450 fugere
428 2421 443 2446 ,
482 2386 733 2449 fugientes
768 2384 1087 2435 morabatur.
1150 2381 1223 2434 At
1242 2384 1443 2447 Graeci,
1486 2382 1575 2447 qui
1594 2383 1650 2431 in

121 2453 272 2505 Darii
299 2452 534 2518 partibus
565 2462 832 2513 steterant,
869 2448 976 2500 Am
1043 2463 1095 2503 ta
1134 2451 1265 2501 duce
1282 2484 1287 2489 -
1304 2448 1528 2517 (praetor
1564 2446 1649 2495 hie

125 2518 414 2573 Alexandri
433 2520 564 2591 fuit,
577 2534 716 2570 nunc
731 2469 1229 2586 tramfiagffibmpti
1248 2536 1279 2567 a
1297 2515 1491 2574 ceteris,
1511 2511 1651 2563 haud
