2084 3009
650 140 991 196 LIBER
1059 140 1198 195 VII.
1582 150 1686 209 207

160 241 445 311 proprium
482 241 712 310 officium
739 252 857 294 tum
880 244 1262 311 potissimum,
1304 262 1427 299 cum
1457 263 1554 299 rex
1578 267 1689 323 ge-

162 310 405 361 standus
426 320 591 371 esset,
614 313 971 377 querebantur.
1040 314 1165 369 Rex,
1185 315 1240 361 in
1258 324 1400 363 tanto
1421 318 1689 382 utriusque

160 378 321 441 partis
348 380 650 441 certamine,
672 390 721 427 et
741 380 837 429 sibi
860 378 1139 439 difficilem,
1159 393 1205 431 et
1214 384 1459 446 praeteritis
1479 399 1689 445 gravem

76 504 85 511 ‘
158 446 469 507 electionem
503 446 731 495 futuram
763 458 930 507 ratus,
952 446 1183 496 invicem
1204 445 1391 497 subire
1411 464 1503 496 eos
1524 451 1687 499 iussit.

160 514 293 562 Hinc
322 526 503 579 quarto
536 504 628 563 die*
650 513 716 562 ad
736 514 921 564 urbem
940 513 1250 563 Maracanda
1269 526 1574 580 perventum
1595 528 1686 565 est.

156 596 278 630 Lxx
296 580 458 631 stadia
483 596 661 629 murus
685 582 828 630 urbis
850 582 1204 647 amplectiturt
1242 599 1334 630 arx
1353 582 1498 630 nullo
1522 584 1688 647 cingi-

152 661 245 697 tur
279 665 453 697 muro.
519 646 784 697 Praesidio
831 649 953 698 urbi
995 650 1203 709 relicto,
1243 650 1509 714 proximos
1547 651 1686 699 vicos

154 716 510 782 depopulatur
553 724 704 781 atque
746 715 867 765 urit·
970 715 1150 779 Legati
1199 714 1384 765 deinde
1427 714 1688 767 Abiorum

154 782 468 849 Scytharum
500 783 895 848 superveniunt5
933 782 1112 845 liberi,
1153 800 1217 832 ex
1247 799 1351 847 quo
1401 778 1688 834 decesserat

154 848 354 913 Cyrus;
399 862 515 899 tum
545 851 793 917 imperata
820 850 1018 900 facturi.
1103 848 1413 899 Iustissimos
1437 852 1689 902 barbaro-

156 933 281 965 rum
305 917 619 966 'constabatz
678 918 833 965 armis
882 916 1232 978 abstinebant,
1293 918 1389 965 nisi
1443 920 1688 968 lacessitis

157 982 406 1033 libertatis
426 983 634 1033 modico
656 995 707 1032 et
727 986 925 1049 aequali
948 1002 1043 1033 usu
1057 1021 1070 1045 ‚
1097 983 1412 1049 principibus
1434 984 1689 1034 humilio-

154 1066 241 1099 res
316 1068 425 1100 ares
463 1051 711 1101 fecerunt.
777 1052 886 1101 Hos
926 1052 1145 1117 benigne
1176 1052 1458 1115 allocutus,
1502 1050 1568 1100 ad
1601 1070 1689 1101 eos

152 1117 282 1183 Scyt
320 1136 399 1181 as,
438 1120 525 1183 qui
544 1120 809 1183 Europam
834 1117 1097 1179 incolunt,
1141 1116 1387 1167 Penidam
1407 1118 1688 1185 quemdam

153 1185 303 1232 misit
345 1202 410 1233 ex
446 1186 651 1246 amicis,
697 1186 787 1248 qui
830 1186 1158 1235 denuntiaret
1197 1186 1294 1245 εἰς,
1337 1202 1406 1235 ne
1453 1187 1686 1237 Tanaim

155 1265 379 1299 amnem
400 1250 651 1319 regionis
678 1250 888 1299 iniussu
924 1251 1079 1317 regis
1111 1251 1432 1319 transigent.
1499 1252 1686 1303 Eidem

156 1314 495 1377 mandatum,
540 1325 605 1365 ut
636 1314 1099 1380 contemplaretur
1125 1315 1361 1366 locorum
1388 1319 1553 1368 situm
1567 1340 1590 1375 ;
1630 1328 1689 1369 et

156 1381 287 1435 illos
308 1399 518 1452 quoque
542 1381 793 1447 Scythas,
818 1382 920 1449 qui
936 1398 1105 1447 super
1125 1382 1402 1447 Bosphoro
1424 1384 1686 1447 incolunt,

154 1451 379 1504 viseret.
458 1448 785 1499 Condendae
808 1448 962 1499 urbis
981 1448 1168 1498 sedem
1187 1464 1354 1515 super
1372 1450 1550 1517 ripam
1574 1453 1690 1502 Ta-

154 1518 288 1571 nais
308 1516 562 1597 elegerat
571 1536 597 1575 ;
641 1514 940 1569 claustrum
961 1524 1018 1566 et
1038 1516 1148 1566 iam
1157 1517 1608 1582 perdomitorum,
1631 1528 1688 1569 et

155 1602 299 1658 quos
318 1584 512 1636 demde
534 1582 696 1634 adire
715 1584 1059 1635 decreverat.
1162 1584 1269 1633 Sed
1307 1588 1581 1636 consilium
1601 1586 1687 1635 di-

155 1656 307 1709 stulit
326 1653 737 1722 Sogdianorum
760 1654 991 1702 nuntiata
1011 1649 1250 1719 defectio
1263 1687 1278 1711 ‚
1313 1670 1439 1717 quae
1459 1653 1686 1723 Bactria-

156 1740 259 1773 nos
278 1738 485 1787 quoque
506 1720 676 1770 traxit.
729 1734 814 1768 vn
836 1722 999 1769 miUia
1020 1720 1254 1785 equitum
1275 1732 1440 1783 erant,
1463 1739 1706 1787 quorumr

154 1788 517 1839 auctoritatem
556 1788 711 1837 ceteri
741 1788 1100 1852 sequebantur.
1166 1784 1458 1837 Alexander
1492 1790 1688 1854 Spita-

156 1873 371 1907 menem
392 1864 449 1905 et
471 1856 728 1905 Catenem
741 1889 758 1914 ,
798 1872 826 1903 a
848 1857 1033 1921 quibus
1057 1855 1100 1903 ei
1121 1854 1335 1914 traditus
1359 1868 1465 1905 erat
1483 1856 1684 1916 Bessus,

159 1922 303 1973 haud
322 1922 510 1973 dubius
530 1924 655 1989 quin
676 1939 859 1972 eorum
878 1940 1033 1989 opera
1053 1922 1216 1985 redIgi
1239 1934 1448 1987 possent
1467 1923 1522 1970 in
1541 1936 1687 1987 pote-

161 2000 375 2051 statem,
410 1989 692 2039 coercendo
719 2006 834 2051 eos,
860 1992 946 2055 qui
973 2001 1282 2040 novaverant
1299 2006 1408 2050 res,
1435 1990 1581 2037 iussit
1600 2005 1689 2037 ar-

162 2056 357 2106 cessiri.
423 2054 495 2105 At
513 2057 592 2105 illi
612 2055 929 2119 defectionis,
944 2056 1009 2105 ad
1031 2072 1188 2121 quam
1207 2054 1543 2104 coe’rceudam
1563 2072 1689 2105 evo-

160 2126 439 2186 nubantur,
472 2134 725 2185 auctores,
757 2125 1086 2189 vulgaverant
1107 2124 1326 2183 famam,
1351 2123 1688 2173 Bactrianos

160 2191 383 2261 equites
412 2207 450 2239 a
481 2207 608 2259 rege
640 2207 853 2249 omnes,
893 2200 957 2243 ut
980 2189 1356 2241 occiderentur
1394 2190 1659 2240 arcessiri
1669 2207 1687 2238 .-

164 2262 330 2328 idque
368 2258 698 2325 imperatum
734 2256 898 2324 ipsis,
964 2276 1076 2309 non
1111 2257 1443 2307 sustinuisse
1487 2267 1671 2308 tamen

168 2327 427 2393 exsequi,
470 2342 539 2375 ne
568 2324 902 2393 inexpiabile
932 2324 991 2375 in
1012 2322 1319 2392 populares
1324 2322 1564 2393 facinus
1585 2323 1691 2373 ad-

170 2392 467 2445 mitterent.
503 2394 629 2443 Non
647 2395 831 2464 magis
849 2391 1170 2443 Alexandri
1183 2392 1476 2443 saevitiam
1490 2430 1502 2453 ,
1525 2406 1690 2460 quam

173 2462 336 2511 Bessi
361 2460 760 2529 parricidium,
812 2460 978 2531 ferre
1012 2460 1287 2528 potuisse.
1386 2459 1564 2523 Itaque
1603 2475 1689 2506 sua

173 2543 354 2593 sponte
380 2530 485 2578 iam
504 2539 677 2581 motos
690 2566 705 2591 ‚
734 2542 877 2579 metu
897 2546 1093 2595 poenae
1113 2528 1252 2577 haud
1273 2526 1544 2574 difficulter
1565 2542 1688 2574 con-

154 2594 452 2647 ‘citaverunt
474 2594 541 2645 ad
561 2614 720 2648 arma.
787 2594 1109 2656 Alexander,
1153 2592 1526 2657 transfugarum
1547 2592 1681 2642 defea
