2084 3009
464 243 569 304 442
832 217 878 288 ’1.
928 235 1609 289 FREINSHEMII

460 355 607 406 spem
622 354 891 404 reponens,
921 338 1007 401 qui
1030 338 1233 385 victoris
1255 338 1504 401 impetum
1523 352 1612 384 sua
1631 333 1826 383 virtute
1846 352 1987 385 sua-

460 423 559 470 que
588 403 853 470 prudentia
885 403 1166 453 diutissime
1199 402 1263 449 ad
1283 403 1687 450 Halicarnassum
1727 413 1986 450 moratus

458 484 599 532 esset,
636 487 867 519 summae
899 486 1074 517 rerum
1101 469 1406 536 praefecerat
1445 485 1582 529 eum,
1623 483 1987 531 magnamque

463 537 700 602 pecuniae
736 537 844 584 vim
880 536 1241 583 transmiserat.
1317 533 1492 597 Itaque
1529 533 1983 582 mercenariorum

458 618 615 650 manu
634 613 817 664 quanta
838 613 1037 666 poterat
1058 599 1322 657 conducta,
1360 616 1480 647 cum
1506 611 1854 647 trecentarum
1873 616 1983 646 na·-

419 664 426 671 ’
456 669 601 716 vium
622 669 777 714 classe
796 668 960 715 libero
981 667 1112 714 mari
1131 668 1426 728 vagabatur·
1415 700 1428 724 ,
1471 677 1530 712 et
1551 683 1678 729 quae
1697 666 1854 713 tantis
1878 682 1981 713 co·-

457 735 659 782 natibus
680 731 887 780 adversa
906 732 987 780 vel
1006 750 1164 796 aequa
1184 732 1351 779 futura
1371 741 1552 792 essent,
1591 731 1788 779 sollerti
1808 733 1982 778 aesti-

456 799 681 847 matrone
702 798 958 861 pensabat.
1010 797 1210 845 Interea
1249 798 1398 856 locis,
1439 813 1568 860 quae
1605 797 1777 844 minus
1817 797 1980 844 anxie

458 863 897 924 custodiebantur,
936 863 1206 926 occupatis,
1246 859 1405 932 (inter
1413 879 1539 926 quae
1560 873 1611 909 et
1647 861 1980 924 Lampsacus

457 929 621 978 fuerat
632 915 677 992 ,5
716 929 904 977 insulas
942 944 1203 990 aggressus
1245 939 1344 988 est,
1397 924 1598 990 quibus
1635 925 1976 987 Macedones,

456 1010 765 1059 quamquam
785 995 1020 1056 utrinque
1035 994 1309 1040 continenti
1322 994 1620 1056 potirentur,
1647 991 1746 1039 ob
1732 993 1978 1056 mopiam

382 1112 387 1116 ,
454 1060 661 1108 navium
683 1061 926 1108 auxilium
946 1060 1078 1108 ferre
1099 1076 1202 1106 non
1223 1069 1471 1123 poterant.
1538 1057 1671 1119 Iuvit
1689 1058 1976 1106 consilium

456 1123 599 1172 ducIs
620 1126 910 1170 'animorum
929 1125 1058 1170 mira
1075 1125 1266 1185 ubique
1287 1123 1560 1183 dissensio,
1603 1140 1721 1170 cum
1749 1123 1860 1171 aliis
1893 1121 1973 1171 ad

450 1185 805 1265 Alexandrum
825 1187 1070 1235 libertatis
1091 1199 1352 1234 auctorem
1369 1205 1450 1236 res
1472 1159 1799 1248 trallentibus,
1849 1205 1971 1237 non

456 1253 675 1313 decerent,
698 1254 785 1316 qui
804 1251 1012 1300 Persicis
1034 1253 1218 1303 onibus
1239 1254 1387 1304 aucti.
1419 1257 1682 1318 propriam
1705 1255 1798 1304 sub
1817 1265 1974 1302 vete-

454 1321 596 1370 ribus
609 1318 827 1367 dominis
838 1322 1134 1384 potentiam,
1157 1334 1312 1384 quam
1328 1319 1537 1368 liberata
1557 1320 1818 1384 republica
1837 1337 1971 1367 ean-

456 1385 578 1435 dem
598 1386 830 1433 omnium
850 1386 1203 1448 aequalitatem
1221 1386 1445 1432 mallent.
1490 1385 1652 1448 Igitur
1667 1385 1969 1448 Athenago-

378 1474 385 1480 ·
454 1469 536 1500 ras
558 1463 608 1499 et
626 1451 959 1516 Apollonides
993 1467 1056 1500 ex
1089 1450 1339 1498 Chiorum
1368 1452 1712 1514 optimatibus,
1750 1469 1807 1500 re
1843 1468 1969 1500 cum

454 1517 661 1565 Phisino
683 1517 1030 1579 Megareoque,
1072 1527 1122 1564 et
1145 1517 1256 1564 aliis
1279 1533 1396 1564 suae
1419 1517 1644 1564 factionis
1665 1517 1968 1567 hominibus

456 1581 845 1638 communicata,
882 1581 1226 1634 Memnonem
1247 1593 1515 1630 arcessunt.
1556 1581 1632 1630 Ita
1653 1581 1812 1630 Chius
1835 1595 1971 1646 pro-4

457 1645 647 1696 ditione
667 1648 872 1710 capitur,
894 1658 943 1694 et
962 1647 1211 1710 praesidio
1244 1649 1312 1696 ibi
1345 1649 1608 1710 collocato,
1645 1649 1968 1702 urbanarum

455 1729 634 1760 rerum
671 1711 1036 1760 administratio
1075 1711 1376 1776 Apollonidi
1427 1715 1678 1777 sociisque
1727 1713 1968 1764 traditur.

451 1775 579 1824 Inde
599 1778 825 1825 Lesbum
843 1790 1032 1842 petens,
1073 1775 1342 1839 Antissam,
1383 1777 1628 1844 Pyrrham
1647 1791 1696 1826 et
1713 1778 1968 1838 Eressum

450 1842 600 1888 nullo
618 1845 821 1902 negotio
844 1845 1003 1906 capit,
1040 1843 1368 1906 Methymnae
1395 1843 1744 1892 Aristonicum
1781 1857 1965 1910 tyran-

451 1921 579 1954 num
620 1907 853 1968 imponit,
893 1918 1169 1970 totamque
1193 1911 1428 1969 insulam,
1469 1922 1674 1976 excepta
1709 1909 1958 1974 Mitylene

451 1973 767 2020 nobilissima
795 1967 938 2029 u1be,
979 1971 1032 2016 in
1058 1983 1361 2032 potestatem
1399 1973 1601 2036 redigit.
1663 1975 1736 2022 Ea
1765 1975 1960 2023 ·multis

452 2039 631 2087 «liebus
672 2036 993 2088 obsidionem
1020 2046 1306 2084 constanter
1343 2040 1574 2100 pertulit:
1613 2056 1708 2088 nec
1723 2039 1809 2089 ab
1848 2041 1961 2105 ipso

450 2101 728 2152 Memnone
756 2114 897 2167 capta
925 2113 1016 2150 est.
1082 2100 1176 2148 Ille
1196 2103 1334 2150 enim
1355 2120 1472 2150 cum
1490 2101 1592 2152 iam
1611 2107 1808 2168 magnis
1830 2124 1961 2170 ope-

450 2171 590 2219 ribus
618 2170 801 2217 urbem
838 2168 1285 2226 circumvallasset,
1325 2179 1375 2214 et
1416 2171 1618 2218 occluso
1650 2183 1818 2234 portu,
1858 2189 1958 2219 na·-

451 2235 691 2296 viumque
714 2235 1009 2282 stationibus
1030 2251 1120 2298 per
1142 2243 1422 2296 opportuna
1441 2237 1554 2284 loca
1574 2235 1850 2304 dispositis,
1888 2253 1956 2287 ne

452 2314 551 2364 qua
571 2299 795 2348 subsidio
826 2301 1142 2348 venientibus
1173 2297 1336 2346 aditus
1374 2312 1582 2364 pateret,
1620 2299 1957 2365 providissetg

454 2365 703 2430 pestilenti
752 2365 935 2410 morbo
984 2375 1244 2428 correptus
1265 2398 1280 2423 ,
1341 2368 1648 2428 praeclaram
1683 2367 1956 2414 Persarum

455 2447 619 2496 spem,
642 2427 954 2498 irreparabili
968 2445 1088 2476 cum
1108 2432 1332 2494 ipsorum
1352 2431 1556 2492 (Iamne,
1578 2431 1807 2480 deseruit.
1843 2429 1956 2480 Sed

453 2512 575 2544 eum
604 2513 655 2544 se
684 2497 787 2544 iam
808 2496 957 2542 numni
994 2495 1220 2542 vicinum
1256 2497 1568 2560 intelligeret,
1609 2496 1956 2558 Pharnabazo,

454 2561 641 2612 sororis
660 2577 776 2611 suae
794 2562 916 2619 filio,
936 2576 1093 2626 quem
1110 2559 1360 2618 Artabazo
1381 2574 1657 2628 pepererat,
1675 2563 1954 2628 imperium
