2084 3009
416 157 583 256 232‘·
960 193 1029 259 Q.
1099 153 1426 264 cvn'ru

382 313 386 322 ·
416 277 800 365 pissekedem,
826 311 993 364 quam
1012 293 1126 360 ipsi
1143 291 1480 360 obuiae-bant.
1523 289 1694 349 Pelles
1715 290 1957 344 serarum

416 380 517 430 pro
540 375 678 416 veste
692 401 705 425 ,
728 365 894 414 clavae
916 380 1011 428 pro
1033 363 1138 411 telo
1159 373 1322 410 erant:
1342 363 1632 424 multaque,
1655 359 1814 408 etiam
1835 372 1964 410 oum

422 431 607 482 Graeci
626 447 801 480 mores
824 431 1188 492 exolevissent,
1229 430 1400 494 stirpis
1423 425 1760 478 ostendebant
1791 428 1962 476 vesti-

346 529 351 538 ·
420 500 517 563 gia.
555 497 651 546 Hic
672 498 997 548 exscensione
1018 497 1164 560 facta,
1185 512 1248 546 cc
1271 508 1322 544 et
1339 511 1371 544 1.
1391 496 1554 545 stadia
1569 494 1840 559 processit,
1862 493 1964 544 de-

418 567 799 634 populatusque
827 567 1118 630 regionem,
1159 563 1412 630 oppidum
1445 573 1596 628 caput
1623 563 1732 610 eius
1765 577 1966 612 corona

420 634 572 697 cepit.
639 648 706 682 xx.
726 633 963 700 peditum
980 633 1145 682 millia
1175 633 1270 680 alia
1300 647 1424 694 gens
1456 632 1510 678 in
1537 631 1648 693 ripa
1675 629 1966 680 fluminum.

421 711 731 767 opposuerat
744 719 757 746 ε
796 715 953 763 quam
974 715 1124 748 amne
1144 709 1379 764 superato
1401 699 1456 746 in
1477 697 1655 760 fugam
1685 697 1965 762 compulit,

418 768 745 828 inclusosque
782 767 1058 814 moenibus
1097 777 1370 833 expugnat.
1435 763 1664 814 Puberes
1702 763 1966 814 interfecti

420 841 539 882 sunt
550 865 565 890 ,
601 831 756 879 ceteri
774 832 1062 881 venierunt.
1129 831 1363 882 Alteram
1383 830 1568 880 deinde
1589 831 1777 880 urbem
1793 847 1966 897 expu-

418 915 572 964 gnare
615 897 825 948 adortus
840 935 855 961 ,
902 915 1194 965 magnaque
1229 896 1282 949 vi
1323 898 1712 948 defendentium
1754 901 1966 964 pulsus,

418 969 615 1016 multos
646 964 995 1015 Macedonum
1032 968 1235 1016 amisit:
1287 965 1394 1016 Sed
1433 983 1554 1015 cum
1591 966 1646 1014 in
1685 965 1964 1017 obsidione

418 1045 816 1100 perseverasset,
839 1034 1106 1100 oppidani,
1127 1034 1391 1100 desperata
1409 1036 1602 1096 salute,
1633 1034 1811 1096 ignem
1831 1034 1962 1083 sub-

418 1101 581 1149 iecere
604 1102 747 1148 tectis
760 1136 775 1162 ,
815 1117 869 1149 se
898 1117 1105 1164 quoque
1126 1118 1184 1148 ac
1203 1099 1394 1150 liberos
1413 1101 1760 1166 coniugesque
1781 1101 1962 1149 incen-

420 1165 507 1214 dio
530 1177 776 1213 cremant.
826 1165 981 1230 Quod
1002 1183 1122 1214 cum
1145 1167 1244 1232 ipsi
1263 1179 1530 1231 augerent,
1562 1167 1736 1216 hostes
1759 1167 1960 1216 exstin-

418 1243 655 1298 guerent,
696 1248 827 1281 nova
849 1233 1016 1281 forma·
1047 1250 1250 1299 pugnae
1280 1247 1404 1284 erat.
1469 1234 1728 1285 Delebant
1757 1235 1962 1284 incolae

420 1301 635 1360 urbem3
674 1298 844 1349 hostes
864 1298 1239 1351 defendebant:
1279 1302 1408 1351 adeo
1429 1303 1582 1352 etiam
1603 1314 1816 1351 naturae
1845 1304 1961 1350 iura

420 1366 624 1420 bellum
642 1368 697 1415 in
718 1369 1035 1434 contrarium
1053 1379 1238 1418 mutat.
1293 1365 1404 1420 Arx
1423 1382 1529 1419 erat
1550 1369 1730 1436 oppidi
1751 1371 1960 1433 intacta,

420 1435 475 1484 in
496 1453 596 1500 qua
615 1434 931 1502 praesidium
955 1435 1251 1502 dereliquit:
1291 1437 1401 1502 ipse
1431 1437 1632 1501 navigio
1666 1438 1959 1486 circumve-

422 1513 533 1553 etus
555 1515 627 1550 est
646 1519 835 1552 arcem.
904 1504 1112 1570 Quippe
1133 1519 1201 1552 111
1219 1505 1432 1554 flumina
1460 1515 1568 1554 tota
1587 1503 1732 1554 India
1751 1515 1961 1568 praeter

422 1571 660 1634 Gangem
679 1571 904 1619 maxima
921 1572 1246 1620 munimento
1269 1573 1398 1620 arcis
1420 1573 1676 1638 applicant
1693 1571 1878 1620 undas.
1909 1569 1960 1619 A

418 1639 787 1703 septemtrione
804 1635 967 1690 Indus
986 1639 1160 1700 alluit3
1181 1656 1210 1686 a
1228 1639 1445 1688 meridie
1463 1637 1707 1688 Acesines
1727 1638 1958 1705 Hydaspi

420 1704 768 1754 confunditur.
808 1703 1055 1754 Ceterum
1075 1703 1305 1756 amnium
1327 1709 1487 1756 coitus
1509 1707 1778 1756 maritimis
1800 1706 1956 1754 simi·-

418 1771 494 1820 les
513 1772 699 1817 fluetus
721 1783 960 1833 movent,
998 1775 1270 1838 multoque
1297 1793 1356 1824 ac
1371 1774 1582 1824 turbido
1609 1774 1768 1832 limo,
1812 1772 1954 1838 quod

420 1851 671 1901 aquarum
692 1846 944 1884 concursu
966 1838 1186 1888 subinde
1209 1843 1470 1904 turbatur,
1512 1843 1630 1903 iter,
1653 1859 1752 1906 qua
1774 1851 1954 1890 meant

418 1903 718 1967 navigia,.in
737 1913 947 1953 >tenuem
973 1906 1178 1953 alveum
1199 1909 1412 1970 cogitur.
1442 1908 1620 1973 Itaque
1643 1925 1764 1958 cum
1787 1909 1953 1958 crebri

418 1973 605 2022 fluctus
624 1985 677 2018 se
699 1968 1019 2032 inveherent,
1060 1983 1110 2020 et
1127 1974 1338 2023 navium
1355 1974 1475 2024 hinc
1493 1994 1672 2042 proras
1685 2013 1702 2040 ,
1731 1976 1854 2025 hinc
1873 1977 1954 2025 la·-

418 2049 529 2087 tera
549 2039 837 2102 pulsarent3
856 2038 1139 2089 subducere
1160 2052 1342 2090 nautae
1363 2055 1657 2109 coeperunt.
1725 2042 1832 2092 Sed
1851 2045 1956 2102 mi·-

421 2106 628 2153 nisteria
659 2121 842 2154 eorum
867 2103 989 2153 hinc
1014 2117 1181 2168 metu,
1222 2108 1342 2154 hine.
1369 2110 1670 2171 praerapida
1701 2112 1956 2160 celeritate

420 2171 700 2221 fluminum
723 2183 1052 2236 occupantur.
1111 2173 1172 2221 In
1195 2174 1358 2222 oculis
1379 2173 1484 2224 duo
1504 2167 1698 2225 nsaiora
1719 2180 1955 2229 omnium

422 2237 621 2299 navigia
642 2239 909 2289 submersa
928 2252 1072 2302 sunt3
1107 2240 1298 2290 leviora
1311 2277 1324 2300 ,
1347 2257 1468 2290 cum
1489 2255 1538 2292 et
1557 2245 1664 2309 ipsa
1683 2245 1956 2308 nequirent

424 2303 557 2367 regi,
587 2304 640 2351 in
660 2305 827 2369 ripam
846 2318 1016 2356 tamen
1039 2309 1246 2356 innoxia
1263 2309 1475 2374 expulsa
1495 2322 1632 2358 sunt.
1651 2309 1769 2375 Ipse
1789 2328 1882 2359 rex
1902 2313 1953 2362 in

414 2369 774 2438 ,rapidissimos
786 2376 1001 2422 vortices
1016 2374 1220 2423 incidit:
1243 2376 1427 2438 quibus
1443 2377 1629 2426 intorta
1639 2379 1800 2440 navis,
1815 2379 1954 2429 ohli-

420 2456 547 2504 ¹qua,
588 2449 639 2488 et
658 2439 1278 2506 gubernaculiimpatiens
1299 2443 1559 2508 agebatur.
1623 2443 1736 2492 Iam
1754 2457 1957 2495 vestem

426 2505 713 2556 detraxerat
736 2509 953 2574 corpori,
973 2510 1294 2578 proiecturus
1317 2519 1482 2560 semet
1503 2512 1556 2560 iu
1576 2513 1802 2574 flumen3
1824 2514 1954 2562 ami-

424 2572 600 2632 cique,
619 2585 679 2622 ut
699 2575 986 2638 exciperent
1004 2593 1148 2638 eum,
1181 2575 1318 2625 haud
1339 2579 1520 2644 procul
1547 2577 1759 2626 nabant:
1791 2597 1952 2645 appa·-

424 2637 667 2702 2·ebatque
697 2657 877 2708 anceps
896 2644 1187 2710 periculum
1200 2647 1313 2695 tam
1340 2645 1590 2710 nataturi,
1629 2661 1787 2712 quam
1807 2648 1952 2700 navi-
