2084 3009
625 136 671 187 L
703 135 731 188 I
762 137 803 186 B
834 134 893 189 E*
914 139 961 190 R
1026 137 1135 188 IX.
1499 141 1604 202 295

82 247 199 298 tem,
223 251 353 300 quae
372 238 683 302 populi,non
700 255 883 303 regum
894 239 1116 305 imperio
1137 239 1420 304 regebatur.
1439 239 1600 292 sexa·-

82 305 213 368 gima
231 305 393 352 millia
410 305 643 370 peditum
659 307 930 366 habebant,
949 307 1180 370 equitum
1199 323 1286 354 sex
1304 307 1492 356 millia:
1511 308 1602 360 has

84 372 251 436 copias
273 387 449 420 currus
470 373 734 435 quingenti
755 373 1110 435 sequebantur.
1161 373 1290 421 Tres
1313 371 1467 422 duces
1487 391 1604 437 spe-

84 450 237 486 etates
268 438 457 486 virtute
476 439 661 486 bellica
683 439 953 501 elegerant.
1018 437 1090 487 At
1109 440 1271 504 quiin
1301 441 1433 502 agris
1465 439 1606 488 erant

81 505 301 570 proinni
322 505 527 552 flumini
541 541 555 565 ,
578 503 895 568 (frequentes
917 516 1091 553 autem
1108 507 1246 554 vicos
1259 541 1274 567 ,
1306 507 1529 554 maxime
1550 506 1604 554 iu

80 573 182 636 ripa
202 569 489 634 habebant)
508 583 567 618 ut
592 571 771 620 videre·
794 582 962 618 totiun
984 587 1214 631 amnem,
1255 589 1353 636 qua
1380 571 1606 636 prospici

78 651 297 704 poterat,
317 638 531 700 navigiis
553 648 868 686 constratum
880 673 893 699 ,
925 650 974 686 et
992 649 1069 686 tot
1086 639 1315 686 millium
1335 655 1476 686 arma
1495 639 1605 686 ful-

78 707 269 768 gentia3
300 705 467 753 territi
484 721 612 754 nova
634 705 775 764 facie,
795 703 1031 754 Deorum
1051 705 1353 766 exercitum,
1373 716 1424 752 et
1443 705 1604 754 alium

76 771 325 822 Liberum
343 783 566 836 patrem,
599 773 797 822 celebre
818 773 869 818 in
888 773 990 820 illis
1012 773 1244 836 gentibus
1263 787 1455 820 nomen
1469 807 1484 832 ,
1504 769 1602 821 ad-
1623 797 1628 807 ι

74 851 279 888 ventare
308 839 600 888 credebant.
637 839 771 888 Hinc
788 839 1017 888 militum
1040 840 1237 888 clamor
1247 873 1264 897 ,
1286 838 1406 886 hinc
1423 854 1600 887 remo-

73 921 191 955 rum
207 908 408 972 pulsus,
427 907 692 972 variaeque
704 917 977 954 nautarum
995 923 1142 956 voces
1154 905 1483 964 hortantium,
1505 923 1602 969 pa-

72 971 215 1022 vidas
238 990 383 1022 aures
404 975 757 1038 impleverant.
824 973 961 1038 Ergo
981 974 1205 1022 universi
1226 971 1290 1034 ad
1307 988 1411 1032 eos,
1440 971 1528 1034 qui
1549 971 1604 1021 iu

73 1043 235 1088 armis
256 1051 421 1102 erant,
463 1053 699 1102 currunt,
720 1037 923 1106 furere
944 1041 1284 1101 clamitantes,
1325 1053 1444 1087 cum
1471 1033 1601 1086 Diis

69 1105 343 1175 proelium
369 1107 623 1156 inituros,
688 1107 943 1176 Navigia
972 1125 1084 1158 non
1109 1123 1276 1173 posse
1306 1103 1599 1164 numerari,

73 1191 221 1241 quae
253 1173 488 1223 invictos
520 1172 797 1235 veherent.
863 1177 1192 1240 Tantumque
1230 1175 1285 1222 in
1323 1173 1616 1222 exercitum

71 1257 295 1288 suorum
314 1241 526 1291 intulere
546 1241 783 1301 terroris,
816 1253 875 1288 ut
893 1244 1086 1306 legatos
1107 1242 1372 1304 mitterent
1393 1241 1599 1303 gentem

76 1306 364 1356 dedituros.
382 1307 473 1356 His
493 1309 547 1356 in
563 1306 721 1356 fidem
742 1309 975 1371 acceptis,
997 1308 1063 1355 ad
1083 1303 1204 1358 alias
1226 1305 1407 1354 deinde
1429 1315 1598 1368 gentes

73 1385 259 1438 quarto
282 1371 365 1420 die
385 1374 631 1436 pervenit.
698 1373 869 1421 Nihilo
891 1375 1009 1438 plus
1030 1373 1191 1420 animi
1210 1371 1288 1418 his
1308 1372 1425 1429 fuit,
1447 1385 1600 1432 quam

71 1441 259 1490 ceteris
280 1439 461 1487 fuerat.
508 1437 691 1498 Itaque
712 1438 907 1500 oppido
928 1441 999 1488 ibi
1021 1438 1246 1498 condito,
1267 1435 1407 1500 quod
1427 1431 1602 1483 Alex-

69 1505 341 1556 andriam
360 1503 603 1569 appellari
624 1503 848 1562 iusserat,
862 1502 985 1550 fines
998 1518 1196 1560 eorum,
1218 1505 1309 1562 qui
1319 1497 1604 1550 Musicani
1659 1560 1668 1566 ι

68 1575 433 1642 appellantur,
452 1570 673 1618 intravit.
740 1567 837 1616 Hic
856 1567 919 1616 de
941 1565 1172 1628 Teriolte
1191 1575 1413 1631 satrape,
1451 1581 1601 1628 quem

67 1637 499 1706 Paropamisadis
519 1636 839 1701 praefecerat,
860 1635 1050 1684 iisdem
1067 1633 1394 1696 arguentibus
1409 1647 1600 1696 cogno-

67 1709 182 1759 ritz„
214 1705 483 1767 multaque
502 1721 648 1752 avare
668 1719 726 1750 ac
759 1701 973 1766 superbe
1006 1700 1182 1748 fecisse
1214 1696 1494 1748 convictum
1513 1699 1614 1765 in-q'

66 1772 243 1826 terfici
264 1771 429 1817 iussit.
467 1767 720 1816 Oxathres
736 1779 940 1830 praetor
958 1767 1362 1828 Bactrianorum,
1384 1784 1488 1815 non
1501 1765 1598 1814 ab-

68 1844 287 1890 solutus
304 1833 495 1896 modo,
520 1833 612 1882 sed
632 1835 785 1882 etiam
804 1830 913 1882 iure
934 1833 1196 1898 amplioris
1217 1833 1598 1900 imperiidona-

69 1919 155 1956 tus
180 1915 279 1954 est.
297 1901 512 1950 Finibus
532 1900 808 1950 Musicanis
822 1899 1005 1949 deinde
1024 1901 1078 1948 in
1099 1899 1346 1950 ditionem
1366 1899 1594 1958 redactis,
1617 1923 1622 1931 ,

70 1973 197 2024 urbi
218 1986 405 2020 eorum
426 1967 738 2034 praesidium
776 1969 1041 2034 imposuit.
1059 2003 1062 2006 -
1107 1967 1236 2016 Inde
1275 1965 1498 2016 Praestos
1544 1973 1597 2011 et

71 2035 247 2106 ipsam
260 2035 441 2085 Indiae
455 2047 660 2099 gentem
669 2047 970 2101 perventum
984 2045 1074 2098 est.
1090 2033 1364 2100 Oxycanus
1377 2047 1464 2100 rex
1475 2039 1594 2090 erat,

73 2108 166 2171 qui
188 2122 245 2154 se
266 2103 496 2152 munitae
514 2102 632 2150 urbi
652 2118 770 2150 cum
788 2108 973 2165 magna
991 2117 1152 2148 manu
1171 2098 1494 2164 popularium
1511 2095 1595 2142 in-

74 2177 321 2222 cluserat·
348 2208 356 2211 -
388 2169 534 2222 Hanc
551 2165 843 2221 Alexander
862 2169 1012 2216 tertio
1034 2166 1145 2226 die,
1183 2179 1340 2228 quam
1371 2171 1596 2226 coeperat

75 2238 344 2299 obsidere,
386 2237 703 2300 expugnavit.
770 2235 838 2283 Et
858 2234 1131 2298 Oxycanus
1145 2265 1158 2291 ,
1201 2246 1320 2278 cum
1351 2229 1404 2278 in
1435 2243 1596 2277 artem

76 2305 420 2369 confugisset,
459 2305 651 2367 legatos
673 2302 737 2352 de
758 2300 1048 2358 conditione
1070 2295 1340 2345 deditionis
1370 2295 1513 2347 misit
1527 2291 1594 2342 ad
1627 2329 1632 2339 .

74 2388 283 2437 regem:
312 2371 406 2420 sed
426 2382 699 2434 antequam
730 2367 929 2416 adirent
949 2381 1094 2424 eum,
1133 2361 1262 2410 duae
1291 2371 1455 2409 turres
1487 2375 1596 2409 cun

79 2439 281 2503 ingenti
300 2440 500 2502 fragore
522 2435 869 2503 prociderant,
888 2449 979 2498 per
1000 2445 1220 2495 quarum
1238 2427 1410 2476 ruinas
1429 2424 1595 2473 Mace·-

81 2505 247 2555 dones
262 2521 463 2556 evasere
483 2504 535 2552 in
556 2519 751 2564 arcem3
771 2519 869 2566 qua
890 2509 1033 2562 capta
1044 2495 1323 2562 Oxycanus
1338 2508 1459 2542 cum
1477 2505 1596 2568 pa!-

82 2575 155 2634 cip
173 2588 467 2646 repugnans
486 2569 753 2640 occiditur.
818 2567 1001 2620 Diruta
1020 2565 1176 2634 igitur
1195 2579 1336 2630 arce,
1365 2569 1420 2610 et
1436 2573 1596 2611 omm-
