2084 3009
373 137 603 195 stPL.
635 143 713 194 IN
746 143 813 209 Q.
855 140 1171 196 cvr‘rrvm
1203 141 1264 194 L.
1294 139 1362 194 Π.
1526 145 1628 206 413

90 252 190 298 suo
212 244 507 306 defuerunt,
549 244 851 310 praesertim
882 247 1100 312 equites:
1139 261 1263 294 nam
1283 247 1501 310 equestri
1522 264 1622 314 po-

89 315 361 364 tissimum
372 312 581 378 ,proelio
622 324 867 362 transacta
887 329 967 364 res
991 324 1083 374 est,
1123 311 1318 377 pedites
1355 329 1383 361 e
1413 315 1624 378 vestigio

90 391 377 430 cesserunt.
422 377 671 431 Ceterum
688 375 985 430 Alexander
1003 376 1276 428 Persarum
1295 380 1447 428 etiam
1470 381 1626 430 nobi-

89 449 326 496 lissimos
348 447 645 512 sepulturae
665 445 901 507 tradidit;
959 457 1009 494 et
1040 457 1294 510 quotquot
1321 463 1384 496 ex
1415 446 1624 496 Graecis

4 518 6 561 ἱ
91 513 425 562 mercenariis
461 512 695 562 hostibus
714 524 969 562 merentes
994 511 1305 560 ceciderant:
1344 513 1432 577 qui
1453 524 1626 562 autem

92 597 283 630 eorum
302 580 403 630 vivi
424 579 478 628 in
496 590 802 644 potestatem
820 577 1013 629 redacti
1032 579 1249 640 fixerant,
1269 595 1360 628 eos
1371 585 1478 644 per
1490 581 1628 628 Ma.-

93 645 385 698 cedoniam
405 643 466 695 in
486 645 781 715 ergastula
803 644 1070 696 distribui
1085 646 1245 704 iussit,
1301 645 1411 694 uod
1429 642 1620 696 contra

90 729 378 764 commune
423 714 762 763 Graecorum
796 713 1090 772 decretum,
1121 727 1230 777 pro
1305 710 1624 762 atbar-orum

4 784 6 789 ’
91 780 474 832 dominatione
485 779 760 830 adven-us
758 780 1015 847 patriam
1020 778 1446 846 pugnavi-ssent.
1481 780 1626 828 The-

87 850 259 900 banos
297 858 473 896 tamen
515 842 726 910 dimisit,
767 848 855 912 qui
886 847 1054 896 excisa
1083 847 1230 908 urbe,
1258 845 1472 895 ademtis
1493 847 1623 910 agris

4 966 6 977 ,
84 915 395 966 necessitate
414 915 595 978 magis,
618 931 776 979 qnam
786 924 992 980 sponte,
1012 923 1328 978 peccassent:
1354 913 1463 960 -iam
1483 913 1622 961 enim

4 990 6 993 ’
84 992 170 1031 tot
188 981 406 1031 illorum
436 982 808 1030 calamitatibus
843 980 1047 1045 expleta
1087 979 1203 1028 odia
1239 976 1621 1026 misericordiae

86 1049 536 1098 locumsecerant.
578 1047 703 1114 Post
720 1048 845 1097 haec
868 1048 933 1096 de
948 1046 1212 1096 manubiis
1237 1056 1488 1094 trecentos
1508 1046 1621 1111 cly-

88 1132 221 1182 peos
254 1115 453 1179 selegit,
470 1121 473 1126 '
492 1117 583 1180 qui
611 1115 871 1165 Minervae
898 1110 1204 1164 Atheniensi
1245 1110 1620 1170 dedicarentur,

90 1183 321 1248 superbo
362 1198 485 1232 cum
520 1183 700 1231 titulo:
739 1179 1122 1232 Alexandrum
1157 1177 1408 1244 Philippi
1432 1176 1620 1242 filium

97 1249 469 1316 Graecosque,
485 1277 492 1282 -
511 1246 752 1314 exeeptis·
770 1245 1240 1304 Lacedaemoniis,
1281 1245 1349 1294 de
1371 1242 1621 1295 barbaris

86 1317 287 1367 Asiam
318 1313 685 1366 incolentibus
712 1313 1088 1379 suspendisse.
1146 1311 1209 1360 Id
1229 1329 1290 1360 eo
1322 1313 1524 1370 fecerat,
1564 1321 1622 1360 ut

92 1384 474 1435 communicata
510 1380 751 1431 victoriae
785 1377 939 1428 laude
962 1378 1172 1428 Graecis
1203 1377 1271 1426 ad
1291 1389 1478 1426 ceteras
1497 1377 1624 1426 beni

91 1451 422 1501 necessitates
462 1447 947 1512 obsequentior-ibus
985 1447 1244 1494 uteretur:
1281 1445 1438 1493 simul
1458 1443 1622 1492 Lace·-

88 1517 492 1568 daemoniorum
512 1515 888 1564 contumaciam
914 1511 1232 1573 traducebat,
1270 1511 1358 1576 qui
1389 1525 1636 1560 seorsum-

90 1584 233 1634 initis
256 1582 478 1632 consiliis
498 1599 527 1630 a
548 1593 715 1631 cetero
737 1579 986 1630 Graeciae
1005 1589 1223 1645 corpore
1245 1578 1464 1655 abrupti)
1503 1577 1623 1626 tau-

89 1653 239 1716 tique
280 1649 480 1698 decoris
527 1659 761 1715 expertes
808 1647 1160 1697 mansissent0-
1207 1645 1386 1710 Neque
1425 1645 1622 1700 matris,

89 1733 257 1783 quam
277 1717 475 1774 eximia·
500 1717 686 1782 pietate
725 1731 931 1780 semper
962 1714 1139 1774 coluit,
1177 1713 1388 1771 oblitus,
1419 1711 1622 1778 pocula,

86 1799 399 1852 purpuram,
442 1785 641 1849 aliaque
680 1780 738 1831 id
776 1798 937 1846 genus
957 1781 1183 1848 pretiosa
1220 1779 1403 1846 spolia,
1446 1779 1622 1844 paucis

90 1851 308 1910 demtis,
333 1849 405 1898 at}
416 1849 561 1899 illam
579 1849 878 1901 transmisit.
938 1889 943 1894 ,
1219 1873 1224 1880 -

195 1915 332 1966 Car.
352 1915 441 1966 VI.
491 1915 613 1966 Post
629 1916 728 1965 hoc
756 1915 1021 1982 proelium
1039 1911 1212 1964 denuo
1233 1910 1298 1962 ad
1317 1911 1478 1964 flium
1491 1929 1616 1992 pro-

2 2058 4 2063 .
89 1984 255 2034 fectus
286 1981 597 2040 Alexander,
634 1983 775 2032 Deae
804 1983 990 2046 gratias
1018 1983 1140 2044 egit,
1179 1997 1310 2044 quae
1339 1980 1638 2043 gravissimi.

92 2051 225 2102 belli
246 2049 523 2100 discrimen
543 2049 818 2111 aditurum,
858 2049 1011 2098 armis
1044 2058 1098 2097 et
1121 2047 1380 2096 ominibus
1403 2045 1639 2093 iuvisset.-

95 2118 310 2184 Quippe
330 2117 581 2183 superiori
601 2129 835 2184 tempore
862 2124 991 2164 cum
1020 2115 1195 2163 statim
1213 2123 1334 2178 post
1353 2112 1624 2160 transmis-

94 2203 217 2234 sum
233 2185 635 2250 Hellespontum
666 2201 727 2232 eo
748 2181 1116 2242 contendisset,
1155 2181 1234 2229 uti
1263 2195 1415 2244 supra
1438 2179 1622 2231 retuli-

93 2269 234 2311 mus,
256 2263 373 2300 ante
397 2252 580 2300 fanum
606 2250 867 2300 Minervae
905 2258 1128 2328 statuam
1156 2257 1447 2311 equestrem
1475 2245 1626 2297 humi

130 2330 407 2368 rostratam
445 2317 591 2379 vidit,
636 2315 999 2366 Ariobarzanis
1044 2331 1137 2364 ora
1173 2313 1494 2374 referentem,
1533 2314 1625 2377 qui

135 2385 347 2453 hrygiae
418 2383 636 2435 tondam
656 2395 857 2449 satrapa
876 2383 1060 2432 fixerat.
1104 2378 1268 2445 quue
1290 2396 1442 2428 omen
1464 2381 1632 2427 inter-·

92 2464 323 2514 pretatus
363 2403 667 2502 xristander
716 2449 995 2499 illustrem
1034 2464 1104 2496 ex
1145 2445 1396 2514 equestri
1419 2459 1628 2512 pugna

96 2515 393 2564 victoriam
410 2518 719 2582 promiserat
735 2515 1031 2565 Alexandro
1045 2551 1060 2575 ‚
1093 2516 1354 2578 maxime,
1395 2519 1448 2566 si
1466 2513 1621 2566 haud

93 2579 300 2647 procul
312 2581 572 2651 Phrygia
607 2581 990 2636 dimicaretur:
1031 2583 1203 2648 ipsius
1234 2583 1404 2634 etiam
1424 2583 1616 2632 dextra
