2084 3009
780 26 801 37 ο

654 118 1009 171 LIBER
1077 118 1183 173 v1.
1246 108 1251 111 ’
1583 122 1689 185 149

146 222 309 274 etiam
331 220 685 287 magnitudine
708 222 893 283 animi,
951 239 1058 288 quo
1090 238 1199 271 uno
1218 222 1356 273 vinci
1373 224 1688 291 non‘potuit.

144 290 397 355 Undique
434 307 575 338 nunc
612 289 845 337 cominus
867 323 882 351 ,
965 306 1110 339 nunc
1149 290 1350 339 eminus
1389 292 1686 357 pete-batum

143 359 343 425 diuque
364 374 513 405 arma
533 356 923 415 circumferens,
982 358 1084 406 alia
1113 357 1216 407 tela
1247 359 1426 425 clypeo
1459 361 1688 425 excipie-

142 426 249 488 bat,
273 440 497 489 corpore
518 424 615 471 alia
633 423 848 471 vitabat:
885 422 1052 473 donec
1069 424 1212 473 hasta
1232 424 1428 475 femora
1451 429 1686 492 perfossa

144 493 383 559 plurimo
405 491 647 553 sanguine
670 492 829 537 effuso
850 488 1129 544 destituere
1147 506 1479 557 pugnantem.
1546 494 1686 560 Ergo

144 562 335 627 clypeo
359 574 455 606 suo
480 568 751 622 exceptum
770 558 1006 621 armigeri
1026 562 1218 625 raptim
1243 560 1298 609 in
1319 572 1480 610 castra
1501 562 1690 611 refera-

143 628 301 688 bant,
364 624 693 673 iactationem
718 625 995 674 vulnerum
1023 626 1162 675 haud
1193 628 1342 675 facile
1359 628 1690 679 tolerantem.

144 694 273 745 Non
293 704 473 741 tamen
495 692 712 741 omisere
730 690 1133 743 Lacedaemonii
1149 702 1408 760 pugna’m3
1430 706 1480 745 et
1498 706 1556 745 ut
1574 696 1692 762 pri-

143 777 305 811 mum
330 760 427 809 sibi
448 775 605 823 quam
624 757 758 807 hosti
778 760 1080 824 aequiorem
1098 762 1280 809 locum
1299 778 1476 829 capere
1496 775 1690 828 potue-

146 839 303 888 runt,
361 825 583 875 densatis
614 825 883 875 ordinibus
916 828 1074 875 effuse
1105 829 1352 877 fluentem
1371 830 1424 877 in
1444 846 1500 879 se
1519 831 1687 879 aciem

151 910 423 959 excepere.
524 894 643 943 Non
673 892 816 942 aliud
841 892 1120 943 discrimen
1156 894 1510 944 vehementius
1531 897 1690 945 fixisse

150 961 443 1011 memoriae
480 960 749 1026 proditum
786 971 875 1014 est.
968 959 1209 1009 Duarum
1241 962 1690 1021 nobilissimarum

149 1029 299 1079 bello
320 1028 557 1091 gentium
577 1029 824 1076 exercitus
849 1028 962 1092 pari
981 1027 1148 1077 Marte
1168 1029 1480 1095 pugnabant.
1581 1028 1688 1080 La·-

156 1094 477 1144 cedaemonii
496 1106 663 1143 vetera
676 1130 690 1155 ,
749 1092 1060 1143 Macedones
1089 1096 1374 1161 praesentia
1393 1094 1578 1145 decora
1598 1098 1687 1147 in—

152 1164 461 1212 tuebanturt
502 1162 579 1209 illi
600 1179 694 1226 pro
714 1162 973 1223 libertate,
1014 1162 1068 1210 hi
1084 1181 1181 1229 pro
1205 1162 1558 1223 dominatione
1580 1181 1686 1231 pu·-

152 1230 397 1294 gnabant.
482 1228 900 1278 Lacedaemoniis
941 1230 1074 1290 dux,
1130 1229 1499 1281 Macedonibus
1540 1232 1686 1281 locus

152 1297 348 1346 deerat.
433 1294 552 1344 Diei
572 1312 777 1360 quoque
798 1297 953 1343 unius
974 1303 1084 1352 tam
1103 1298 1380 1360 multiplex
1400 1315 1542 1346 casus
1565 1315 1685 1347 mo-

150 1363 225 1413 (lo
248 1382 271 1412 s
311 1378 396 1412 em
411 1399 425 1423 ,
444 1362 605 1411 modo
625 1373 827 1411 metum
846 1361 1112 1425 utriusque
1133 1356 1291 1429 partis
1314 1364 1553 1425 augebat3
1591 1380 1686 1412 ve-

152 1432 235 1480 lut
293 1449 319 1479 e
340 1429 589 1479 industria
620 1431 755 1477 inter
784 1428 1090 1476 fortissimos
1119 1430 1257 1477 viros
1299 1439 1556 1477 certamen
1593 1446 1684 1477 ae-

154 1509 345 1564 quante
366 1498 587 1547 fortuna.
656 1494 903 1545 Ceterum
922 1496 1181 1559 angustiae
1201 1496 1304 1544 loci
1315 1531 1331 1557 ‚
1353 1496 1406 1543 in
1429 1504 1532 1559 quo
1557 1494 1682 1547 hae-

152 1576 287 1615 serat
308 1581 509 1630 pugna,
564 1580 671 1613 non
691 1563 1013 1627 patiebantur
1043 1564 1165 1612 totis
1197 1561 1440 1628 congredi
1469 1564 1684 1613 viribus.

155 1631 469 1699 Spectabunt
489 1647 611 1694 ergo
631 1632 805 1695 plures
817 1666 831 1692 ,
888 1645 1043 1695 quam
1065 1632 1286 1681 inierant
1301 1631 1590 1695 proelium,
1634 1642 1683 1680 et

155 1701 243 1765 qui
262 1711 405 1749 extra
425 1699 513 1747 teli
534 1700 728 1747 iactum
748 1708 916 1759 erant,
964 1699 1192 1747 clamore
1209 1699 1430 1747 invicem
1449 1715 1569 1748 suos
1591 1715 1681 1749 ac-

156 1766 459 1816 cendebant.
529 1763 768 1813 Tandem
787 1764 1054 1813 Laconum
1072 1766 1204 1813 acies
1228 1767 1569 1831 languescere,
1589 1769 1682 1817 lu-

153 1834 294 1884 brica
314 1850 459 1883 arma
479 1831 668 1881 sudore
688 1832 773 1880 vix
790 1832 1074 1893 sustinens;
1092 1831 1283 1900 pedem
1303 1832 1490 1883 deinde
1515 1835 1680 1883 refer-

154 1919 207 1951 re
236 1902 407 1966 coepit
426 1911 638 1963 urgente
658 1898 819 1963 hoste,
842 1917 900 1949 ac
920 1902 1144 1967 apertius
1162 1901 1356 1964 fugere·
1425 1898 1680 1964 Inseque-

150 1969 305 2018 batur
337 1967 609 2033 dissipatos
638 1966 843 2028 victor,
881 1978 931 2015 et
950 1985 1188 2016 emensus
1207 1984 1361 2015 cursu
1383 1980 1537 2015 omne
1558 1983 1680 2029 spa—

150 2037 317 2097 tium,
368 2033 510 2099 quod
529 2035 660 2082 acies
680 2033 949 2082 Laconum
970 2034 1288 2093 obtinuerat,
1326 2033 1500 2097 ipsum
1520 2028 1677 2096 Agim

186 2102 575 2167 ersequebatur.
639 2100 753 2161 Ille,
792 2112 851 2149 ut
870 2100 1048 2163 fugam
1069 2116 1300 2161 suorum,
1341 2110 1392 2148 et
1408 2101 1675 2165 proximos

146 2122 388 2221 {ostium
426 2168 715 2233 conspexit,
771 2165 973 2232 deponi
1009 2184 1072 2215 se
1108 2167 1277 2216 iussit:
1323 2179 1677 2232 ,expertusque

150 2236 393 2288 membra
414 2253 482 2285 an
500 2236 753 2299 impetum
773 2235 929 2283 animi
952 2234 1096 2298 sequi
1115 2244 1350 2298 possent,
1401 2247 1679 2301 postquam

150 2304 373 2355 ‘deficere
394 2319 446 2353 se
468 2303 654 2363 sensit,
674 2301 959 2367 poplitibus
978 2312 1146 2351 semet
1165 2302 1386 2367 excepit3
1436 2303 1678 2367 galeaque

148 2384 361 2423 strenue
384 2379 567 2427 sumta,
591 2370 769 2437 clypeo
794 2378 1066 2433 protegens
1087 2385 1290 2434 corpus,
1329 2369 1528 2419 hastam
1548 2369 1678 2417 dex·-

150 2450 227 2489 tra
244 2436 499 2498 vibrabat,
518 2437 656 2485 ultro
678 2452 865 2485 vocans
876 2434 1096 2497 hostem,
1114 2435 1168 2484 si
1221 2438 1309 2486 uis
1329 2434 1540 2495 iacenti
1557 2449 1678 2497 spo-

149 2502 230 2556 lia
252 2503 471 2555 demere
491 2502 740 2553 auderet.
778 2500 887 2551 Nec
897 2504 1170 2567 quisquam
1180 2452 1293 2562 iquit,
1307 2504 1395 2569 qui
1407 2502 1678 2551 sustineret

148 2573 394 2625 cominus
414 2568 675 2636 congredi.
740 2566 933 2621 Procul
949 2570 1233 2634 missilibus
1252 2568 1598 2637 appetebatur,
1619 2582 1675 2616 ea

1205 2695 1234 2706 ἢ
