2084 3009
394 105 405 130 .
685 67 1027 121 LIBER
1094 69 1268 121 v111.
1630 32 1734 132 ὦ

205 168 422 218 antibus
441 168 585 232 aquis
600 186 659 218 ex
669 172 930 237 superiore
941 172 1143 237 fastigio
1162 172 1216 221 in
1225 171 1443 233 vallem3
1461 173 1731 236 magnique

201 236 378 303 operis
389 235 655 285 videbatur
665 248 772 286 tam
793 249 986 289 vastam
995 240 1297 303 voraginem
1318 240 1539 304 explere.
1565 238 1734 288 Caedi

201 318 382 351 tamen
401 300 629 354 arbores
652 312 709 353 et
728 320 874 353 saxa
888 305 1121 374 congeri
1126 307 1289 355 iussit.
1317 304 1601 370 Ingensque
1612 306 1736 354 har-

198 370 361 423 baros
391 387 552 435 pavor
570 370 726 421 rudes
748 371 814 421 ad
831 372 954 421 talia
975 390 1127 439 opera
1157 383 1504 431 concusserat,
1545 374 1718 421 excita-

199 450 316 487 tam
335 438 536 487 molem
557 438 728 487 subito
749 451 1029 489 cernentes.
1114 439 1292 505 Itaque
1312 456 1405 488 rex
1423 437 1491 486 ad
1511 438 1734 488 deditio-
1751 454 1765 473 ‘

201 520 335 555 nem
353 516 498 553 metu
514 513 664 569 posse
687 508 931 571 compelli
949 520 1089 557 ratus
1101 542 1120 567 ,
1159 506 1389 556 Oxarten
1406 506 1549 554 misit
1566 507 1735 554 natio-

200 571 290 621 nis
311 570 569 633 eiusdem,
591 572 685 621 sed
705 572 913 623 ditionis
939 591 1085 635 suae,
1128 575 1217 639 qui
1234 572 1472 622 suaderet
1492 570 1636 635 duci,
1675 580 1737 621 ut

197 637 464 689 traderet
471 647 711 705 petram.
759 640 974 689 Interim
995 640 1063 690 ad
1083 640 1371 711 augendam
1389 639 1735 701 formidinem,

196 715 256 755 et
295 717 462 753 turres
501 704 908 759 admovebantur
921 744 936 770 ,
987 720 1036 758 et
1062 724 1287 759 ⁴excussa
1323 706 1594 757 tormentis
1634 708 1734 756 tela

199 772 510 822 emicabant.
545 772 724 840 Itaque
733 775 980 825 verticem
999 787 1172 840 petrae
1195 777 1338 825 omni
1359 776 1459 824 alio
1479 772 1737 840 praesidIo

199 838 448 889 damnato
468 840 772 905 petiverunt.
861 837 928 891 At
949 840 1167 892 Oxartes
1193 842 1455 908 trepidum
1490 842 1732 891 diffiden-

199 918 414 971 temque
449 908 604 958 rebus
643 909 746 957 suis
787 906 1173 977 SysImithrem
1195 912 1363 975 coepit
1400 909 1619 970 hortari,
1674 914 1735 957 ut

211 972 407 1042 fidem,
449 990 612 1043 quam
648 974 762 1025 vim
801 975 1187 1038 Macedonum,
1227 976 1418 1029 mallet
1457 974 1704 1041 experiri
1709 992 1735 1032 ,-

205 1057 320 1091 neu
359 1050 670 1091 moraretur
695 1041 1128 1107 festinationem
1166 1042 1400 1094 victoris
1425 1042 1732 1100 exercitus,

202 1109 268 1159 in
289 1107 508 1159 Indiam
528 1110 839 1161 tendentis.-
883 1111 977 1161 cui
1003 1111 1257 1181 quisquis
1289 1119 1466 1162 semet
1484 1108 1730 1176 offerret,

203 1175 270 1227 in
289 1192 449 1227 suum
470 1185 641 1243 caput
659 1176 902 1229 alienam
923 1176 1136 1229 cladem
1163 1196 1286 1241 esse
1304 1195 1613 1231 versuram.
1667 1177 1735 1225 Et

204 1244 318 1309 ipse
341 1243 556 1309 quidem
575 1244 613 1294 S
635 1246 903 1296 ·simithres
929 1245 1251 1296 deditionem
1273 1247 1552 1298 annuebat:
1593 1248 1734 1295 cete-⁸

203 1326 330 1360 rum
348 1322 513 1361 mater
533 1263 816 1376 eadyemque
847 1312 1034 1365 coniux
1062 1315 1373 1363 morituram
1402 1331 1456 1362 se
1490 1323 1605 1361 ante
1638 1310 1734 1360 de:

201 1377 444 1427 nuntians
455 1410 474 1438 ,
515 1396 676 1443 quam
692 1380 746 1427 in
765 1378 924 1427 ullius
943 1380 1141 1428 veniret
1157 1390 1494 1444 potestatem,
1530 1378 1733 1426 barbari

202 1445 442 1495 animum
460 1446 527 1496 ad
546 1445 842 1495 honestiora
863 1461 1022 1509 quam
1040 1447 1234 1495 tutiora
1256 1450 1594 1493 converterat&
1632 1460 1735 1511 pu-

203 1512 489 1578 debatque,
525 1514 775 1565 libertatis
806 1513 975 1561 maius
1007 1528 1119 1561 esse
1140 1511 1280 1577 apud
1298 1512 1539 1572 feminas,
1581 1526 1733 1576 quam

202 1579 347 1645 apud
367 1581 521 1641 viros,
540 1582 782 1647 pretium..
815 1578 994 1644 Itaque
1009 1578 1223 1629 dimisso
1245 1578 1561 1628 internuntio
1580 1578 1736 1643 pacis,

202 1646 536 1699 ohsidionem
569 1648 699 1697 ferre
737 1646 1048 1697 decreverat.
1119 1646 1224 1695 Sed
1261 1664 1381 1695 eum
1410 1646 1572 1694 hostis
1602 1645 1733 1695 vires

201 1730 428 1777 suasque
466 1726 730 1778 pensaret3
785 1731 963 1763 rursus
1001 1714 1272 1763 muliebris
1312 1713 1537 1774 consilii,
1596 1710 1735 1778 quod

203 1797 452 1850 praeceps
473 1782 636 1845 magis
657 1797 812 1845 quam
831 1782 1175 1830 necessarium
1195 1798 1305 1831 esse
1329 1779 1582 1841 credebat,
1602 1796 1739 1845 poe-.

203 1849 370 1897 nitere
393 1849 513 1899 eum
533 1850 716 1914 coepit.
779 1848 1138 1914 Revocatoque
1160 1860 1361 1899 strenue
1385 1847 1601 1907 Oxarte,
1624 1843 1731 1911 fu·—

203 1923 396 1969 turum
414 1932 475 1965 se
495 1912 553 1965 in
575 1915 730 1985 regis
739 1922 1025 1982 potestate
1045 1916 1343 1983 respondit,
1374 1932 1541 1965 unum
1558 1930 1733 1978 preca·

205 1994 308 2045 tus,
329 1999 398 2033 ne
417 1980 752 2033 voluntatem
773 1990 831 2031 et
849 1982 1135 2031 consilium
1153 1983 1352 2032 matris
1372 1997 1512 2031 suae
1522 1980 1733 2045 p'rocle-

205 2058 323 2111 νεῖ,
386 2065 495 2117 quo
512 2048 754 2116 facilius
773 2046 943 2099 venia
961 2046 1053 2097 illi
1071 2066 1282 2117 quoque
1312 2049 1729 2115 impetraretur.

204 2115 558 2167 Praemissum
586 2116 740 2179 igitur
762 2116 1011 2165 Oxartem
1042 2132 1165 2164 cum
1192 2128 1355 2165 matre
1387 2115 1664 2178 liberisque
1684 2124 1733 2163 et

134 2210 152 2221 s
205 2184 362 2233 totius
402 2184 714 2247 cognationis
753 2198 903 2247 grege
941 2184 1275 2245 sequebatur,
1333 2198 1398 2230 ne
1439 2189 1731 2247 exspectato

204 2249 420 2317 quidem
441 2250 560 2299 fidei
579 2250 806 2315 pignore,
834 2248 974 2313 quod
995 2247 1212 2298 Oxartes
1232 2249 1554 2313 promit-erat.
1606 2248 1731 2309 Rex,

204 2317 374 2383 equite
393 2318 700 2383 praemisso,
741 2316 829 2381 qui
851 2314 1058 2366 reverti
1078 2331 1170 2365 eos
1195 2317 1418 2376 iuberet,
1459 2316 1731 2380 opperiri-

204 2400 307 2455 que
321 2382 702 2450 praesentiam
722 2381 924 2449 ipsius,
963 2383 1274 2448 supervenit3
1314 2394 1363 2431 et
1380 2382 1600 2431 victimis
1620 2380 1724 2428 Mi-
1773 2439 1778 2444 ⁸

207 2468 390 2501 nervae
411 2466 471 2499 ac
488 2450 746 2500 Victoriae
769 2450 924 2498 caesis
946 2450 1227 2514 imperium
1246 2446 1547 2515 Sysimitiui
1575 2448 1725 2495 resti-

207 2517 328 2581 mit,
351 2533 443 2585 spe
464 2514 691 2567 maioris
713 2514 880 2565 etiam
889 2516 1221 2581 provinciae
1240 2516 1383 2579 facta,
1405 2513 1458 2563 si
1473 2528 1600 2584 ,cum
1602 2510 1726 2579 fide
1797 2525 1800 2535 ⁶
