2084 3009
670 117 1004 169 LIBER
1070 117 1175 170 lx,
1437 109 1451 121 “
1580 119 1693 183 ‘297

158 227 286 280 etos,
307 219 786 287 promtissimusque
807 219 1050 280 bellator3
1091 231 1142 268 et
1161 220 1297 284 pacis
1318 223 1511 274 artibus
1534 242 1695 290 quam

157 287 378 336 militiae
395 289 560 337 maior
578 302 628 338 et
645 290 859 350 Rarior,
877 285 1087 336 modico
1110 288 1345 354 civilique
1366 293 1537 354 cultu,
1555 292 1695 343 libe-

157 355 284 404 ralis
304 355 358 403 in
376 351 574 419 primis,
598 356 841 421 adituque
862 353 1193 416 faoilis‚·nihil
1211 371 1283 402 ex⁶
1292 357 1425 406 fastu
1446 360 1585 422 regio
1606 377 1703 411 as·-

155 431 433 470 sumserat.
503 422 588 472 Ob
611 423 732 472 haee
751 423 858 486 regi
889 440 954 470 an
971 421 1315 487 popularibus
1350 425 1514 472 carior
1546 439 1693 487 esset,

155 487 380 538 dubitari
404 499 634 553 poterat:
679 503 792 539 tum
815 503 949 539 certe
971 490 1201 554 primum
1224 501 1457 554 expertus
1479 508 1693 543 suorum

150 557 374 615 animos,
397 554 524 604 adeo
547 568 608 604 ut
627 557 905 618 fortunam,
925 558 978 604 in
1005 572 1165 620 quam
1180 567 1358 620 postea
1372 558 1617 617 ascendit,
1637 561 1693 610 in

147 624 248 672 illo
269 623 504 690 periculo
521 624 829 673 Macedones
852 623 1069 672 ominati
1090 638 1200 671 esse
1216 623 1503 672 videantur.
1523 625 1693 692 Quip-

145 707 218 757 pe
238 707 347 739 non
367 691 532 739 levior
549 691 650 740 illis
675 691 963 742 Ptolemaei
983 691 1083 738 fuit
1102 707 1236 752 cura,
1250 707 1408 755 quam
1425 693 1581 756 regis:
1602 711 1703 758 qm

147 769 203 806 et
223 758 426 822 proelio
447 769 497 806 et
518 759 866 808 sollicitudine
888 757 1124 820 fatigatus
1146 773 1267 806 eum
1286 757 1583 808 Ptolemaeo
1604 777 1693 810 as-

140 824 355 888 sideret,
386 822 602 883 lectum,
647 827 706 875 in
727 841 832 896 quo
852 826 974 892 ipse
995 823 1387 892 adquiesceret,
1428 827 1573 876 iussit
1594 827 1689 876 in·-

89 923 94 932 ·
141 890 306 950 ferri.
365 891 426 938 ln
448 909 604 957 quem
620 905 681 941 ut
700 911 754 942 se
772 895 978 958 recepit,
1005 893 1239 957 protinus
1261 895 1413 941 altior
1432 894 1691 944 insecutus

143 970 226 1009 est
246 973 479 1006 somnus.
499 959 580 1008 Ex
603 977 704 1024 quo
731 963 988 1017 excitatus,
1003 973 1113 1022 per
1135 959 1371 1024 quietem
1388 960 1602 1010 vzdisse
1624 978 1691 1010 se
1716 989 1725 1000 ν

140 1025 362 1090 exponit
387 1025 624 1090 speciem
645 1027 904 1076 draconis
937 1023 1180 1075 oblatam
1199 1023 1690 1095 herbamserentie

138 1108 257 1154 ore,
284 1105 446 1156 quam
465 1095 666 1143 veneni
684 1094 982 1144 remedium
1003 1109 1123 1142 esse
1140 1101 1525 1143 monstrasset.
1582 1095 1709 1144 00-·-

137 1159 315 1210 lorem
336 1176 552 1227 quoque
571 1161 775 1211 herbae
793 1163 1077 1222 referebat,
1120 1159 1469 1229 agniturum,
1491 1159 1543 1212 ci
1562 1163 1687 1232 quie

143 1227 470 1290 reperisset,
502 1229 776 1276 affirmans.
829 1229 1197 1292 Inventamque
1218 1227 1419 1290 deinde,
1444 1231 1633 1296 quippe
1654 1248 1689 1280 a

141 1293 329 1341 multis
343 1303 448 1340 erat
457 1295 714 1356 requisita,
727 1296 928 1342 vulneri
940 1285 1211 1358 imposuit:
1231 1296 1568 1360 protinusque
1582 1297 1706 1345 do-.

143 1361 262 1409 lore
273 1359 436 1418 finito,
449 1359 581 1408 intra
599 1361 752 1410 breve
767 1361 988 1424 spatium
1008 1361 1213 1408 cicatrix
1234 1377 1439 1424 quoque
1460 1360 1687 1411 obducta

143 1437 244 1478 est.
285 1425 533 1474 Barbaros
553 1438 611 1473 ut
631 1428 798 1491 prima
817 1441 932 1490 spes
951 1425 1217 1485 fefellerat,
1238 1442 1291 1473 se
1312 1426 1449 1489 ipsos
1470 1429 1687 1476 urbem-

143 1507 251 1559 que
275 1492 605 1542 dediderunt.
639 1493 772 1542 Hine
791 1494 844 1540 in
865 1493 1156 1556 proximam
1176 1503 1384 1556 gentem
1402 1490 1687 1544 Pathaliam

142 1571 456 1631 perventum
476 1571 568 1608 est.
636 1561 745 1610 Rex
767 1570 874 1608 erat
893 1558 1102 1620 Moeris,
1134 1560 1223 1622 qui
1252 1559 1381 1607 urbe
1402 1557 1602 1610 deserta
1631 1561 1700 1610 in'

144 1634 358 1679 mo'ntes
379 1628 691 1693 profugerat.
747 1627 923 1690 Itaque
943 1625 1240 1674 Alexander
1260 1623 1453 1691 oppido
1475 1629 1687 1691 potitur,

149 1711 406 1758 agrosque
426 1696 725 1760 populatur.
793 1696 1010 1756 Magnae
1028 1693 1149 1742 inde
1169 1693 1387 1758 praedae
1408 1705 1545 1742 actae
1566 1705 1689 1745 sunt

191 1777 404 1809 ecorum
420 1773 891 1826 armentorumque,
910 1774 1099 1824 ‘magna
1110 1761 1185 1810 vis
1207 1778 1295 1824 rep
1302 1771 1407 1832 erpa
1422 1761 1687 1812 frumenti.
1768 1783 1779 1802 x

205 1828 386 1877 unibus
413 1827 598 1877 deinde
619 1830 802 1878 sumtis
823 1829 987 1877 amnis
1007 1829 1212 1894 peritis,
1233 1827 1446 1878 defluxit
1460 1829 1527 1878 ad
1544 1828 1687 1880 insu·

149 1899 260 1947 lam
279 1895 454 1945 medio
471 1896 639 1944 ferme
661 1897 804 1945 alveo
828 1908 1051 1945 enatam.
1147 1935 1163 1944 .
1418 1927 1427 1940 .

231 1961 409 2010 ·CAP.
476 1962 568 2012 IX.
635 1963 717 2013 Ibi
738 1963 929 2014 diutius
967 1963 1248 2014 subsistere
1290 1974 1525 2022 coaetus,
1565 1962 1686 2027 quia

160 2027 314 2077 duces
333 2029 596 2078 socordius
616 2033 854 2082 asservati
873 2031 1227 2096 profugerant,
1278 2031 1419 2077 misit
1449 2029 1537 2094 qui
1558 2045 1689 2077 eon·
1772 2088 1777 2098 Ι

159 2095 424 2160 quirerent
443 2096 597 2156 alios3
633 2115 729 2146 nee
748 2100 983 2163 repertis,
1016 2098 1255 2162 pervicax
1272 2094 1459 2160 cupido
1480 2097 1689 2144 incessit

160 2161 354 2212 visendi
377 2161 669 2224 Oceanum,
709 2164 1032 2230 adeundique
1054 2164 1303 2211 terminos
1320 2161 1534 2222 mundi,
1574 2163 1687 2211 sine

160 2229 380 2296 regionis
402 2231 591 2296 peritis,
613 2233 815 2280 flumini
829 2234 1003 2296 ignoto
1018 2243 1171 2294 caput
1190 2245 1358 2292 suum,
1378 2241 1555 2293 totque
1576 2230 1687 2277 for·-

159 2297 480 2352 tissimorum
503 2299 733 2347 ‘virorum
752 2301 968 2346 salutem
993 2297 1303 2363 permittere.
1370 2296 1689 2359 Navigabam

163 2380 285 2430 ergo
313 2367 550 2414 omnium
564 2368 662 2431 'per
727 2382 821 2415 uae
849 2365 1145 2414 ferebantur
1174 2364 1353 2425 ignari.
1420 2363 1689 2427 Quantum
1768 2389 1777 2398 κ

162 2433 282 2484 inde
307 2430 504 2482 abesset
523 2451 667 2482 mare
678 2384 843 2498 ‚auae
865 2443 1038 2496 gentes
1060 2430 1314 2491 colerent,
1348 2445 1503 2493 quam
1522 2428 1688 2492 placi,-

164 2500 294 2549 dum
324 2503 487 2549 amnis
510 2519 581 2560 os,
603 2515 758 2564 quam
780 2501 974 2566 patiens
994 2499 1274 2560 longarum
1300 2497 1509 2543 navium
1539 2506 1685 2556 esset,

161 2561 348 2634 anceps
370 2578 422 2618 et‘
451 2585 598 2619 caeca
631 2569 914 2616 aestimatio
945 2565 1302 2626 augumbatur.
1367 2561 1549 2612 Unum
1580 2569 1688 2612 erat
