2084 3009
552 125 570 145 x
634 125 641 132 ι
686 117 715 133 Q

380 225 612 279 stPL.
646 226 722 278 IN
758 229 825 297 Q.
862 227 1179 284 CVRTIVM
1212 232 1276 282 L.
1295 231 1374 281 ·11.
1526 233 1628 292 421

81 329 188 382 alii
208 327 614 386 concederent,·
634 329 733 379 sed
745 339 807 379 ut
820 331 1049 400 quisque
1071 331 1316 390 haberet,
1341 329 1491 400 quod
1508 332 1628 398 ipse

82 397 445 474 reliquisset:
486 399 680 464 itaque
718 399 931 447 scirent
950 434 964 459 ‚
1004 400 1237 448 omnium
1257 401 1627 478 fivrtunarum

88 463 391 514 arbztrium
414 461 633 512 meliori
644 465 1088 529 permittendum,
1122 475 1224 516 aut
1244 485 1303 516 m
1316 469 1627 534 proximam

86 531 269 582 lucem
311 531 381 579 de
422 547 485 578 eo
527 533 855 582 certandum
896 550 1034 582 esse.
1095 533 1202 582 Sed
1225 538 1311 599 qui
1343 537 1397 584 in
1429 535 1626 582 civitate

86 611 252 662 erant,
277 598 511 663 primum
532 598 885 648 invadentium
914 601 1170 666 impetum
1191 604 1390 651 fortiter
1411 599 1624 649 retude-

81 678 227 728 runt,
277 667 431 713 caesis
462 666 595 713 inter
616 667 741 721 alios
760 667 967 716 duobus
992 669 1284 731 Hellanicae
1317 669 1447 730 filiis,
1492 685 1620 732 quae

81 734 269 782 nutrix
286 727 571 781 Alexandri
592 732 770 796 fuerat,
812 746 863 782 et
885 734 1097 796 Clitum,
1137 737 1225 800 qui
1265 753 1383 800 rege
1421 746 1616 783 servato

81 801 342 850 eximium
362 799 517 847 decus
538 801 745 861 meruit,
766 799 975 850 fratrem
994 802 1233 852 habebat.
1255 802 1360 852 Sed
1382 819 1500 851 curn
1520 801 1621 850 do-

77 868 197 916 lore
225 868 405 930 iraque
438 867 630 914 incensi
661 867 833 916 hostes
863 869 1114 918 machinis
1138 867 1357 920 admotis
1378 885 1620 934 magnam

77 950 367 984 murorum
386 945 589 998 partem
608 931 930 995 deiecissent,
970 938 1175 1000 iamque
1196 939 1250 986 in
1272 936 1526 1003 oppidum
1544 937 1622 983 ir-

78 1001 292 1066 rupturi
323 999 637 1060 viderentur,
679 1004 1064 1068 conspectisque
1107 1006 1161 1053 in
1199 1015 1352 1069 portu
1372 1001 1621 1051 Macedo-

81 1086 219 1118 num
236 1067 555 1128 triremibus,
596 1075 758 1116 'novus
797 1080 965 1130 terror
1002 1071 1289 1134 ingrueret3
1330 1087 1446 1137 pars
1467 1071 1622 1118 scutis

80 1135 388 1183 incubantes
411 1135 465 1182 in
485 1150 695 1199 parvam
715 1136 943 1184 insulam
980 1137 1098 1185 urbi
1139 1139 1456 1187 obiacentem
1496 1154 1621 1185 ena-

87 1213 347 1260 taverunt,
370 1202 457 1249 alii
476 1200 672 1266 scaphis
695 1205 997 1265 conscensis,
1042 1221 1164 1254 cum
1191 1206 1333 1254 idem
1349 1203 1621 1254 ‘moliren-

83 1279 187 1328 tur,
208 1268 265 1314 in
286 1269 397 1332 ipso
418 1279 598 1332 portus
618 1267 759 1318 aditu
780 1270 841 1318 ab
864 1270 1094 1320 hostium
1113 1274 1321 1336 navigiis
1356 1271 1622 1334 intercepti
1697 1295 1706 1306 ι

76 1347 219 1383 sunt.
254 1332 567 1396 Alexander,
590 1335 855 1401 oppidu-in
868 1348 1176 1403 potestatem
1194 1337 1420 1396 redacto,
1443 1349 1622 1384 contra

78 1419 186 1462 eos,
210 1403 301 1464 qui
324 1403 547 1450 insulam
566 1404 824 1464 tenebant,
861 1421 1017 1453 vnaves
1041 1402 1273 1470 expediri
1297 1403 1458 1463 iussit,
1500 1403 1621 1466 qui-

74 1468 175 1518 bus
200 1469 475 1533 impositae
494 1470 663 1535 proris
684 1472 847 1519 scalae
868 1469 1176 1534 ferebantur,
1196 1482 1254 1520 ut
1275 1472 1326 1519 in
1348 1469 1622 1536 abruptam

72 1536 281 1585 insulae
307 1552 469 1600 oram,
490 1536 635 1585 velut
654 1537 707 1584 in
728 1554 906 1586 muros
921 1539 1122 1587 hostilis
1137 1538 1332 1604 oppidi,
1354 1551 1619 1586 transcen-

77 1601 229 1652 deret
250 1603 419 1652 miles.
482 1599 555 1651 At
596 1621 715 1652 cum
755 1607 1097 1655 mercenarios
1139 1602 1382 1667 Graecos,
1423 1604 1509 1669 qui
1553 1621 1615 1650 eo

76 1671 437 1733 confugerant,
459 1672 691 1735 quamvis
710 1671 850 1720 haud
868 1674 1041 1738 plures
1066 1675 1301 1722 trecentis
1323 1682 1505 1728 essent,
1526 1671 1615 1718 ul-

75 1739 206 1792 tima
229 1738 339 1802 pati
363 1748 565 1800 paratos
588 1740 924 1805 conspiceret,
968 1741 1209 1789 misertus
1240 1740 1472 1790 virorum
1500 1737 1616 1785 for-

75 1805 227 1863 tium,
271 1814 323 1852 et
345 1805 432 1868 qui
452 1822 548 1868 pro
567 1804 665 1854 fide
687 1806 741 1854 in
762 1823 863 1868 eos,
901 1824 930 1854 a
963 1807 1150 1870 quibus
1183 1805 1424 1855 conducti
1454 1817 1614 1867 erant,

76 1869 223 1920 haud
252 1872 440 1935 procul
470 1871 623 1919 exitio
650 1873 909 1933 abessent,
950 1874 1011 1921 iis
1052 1875 1296 1940 pepercit,
1341 1884 1392 1922 et
1429 1888 1615 1922 secum

77 1937 329 1989 milit'are
352 1939 511 1986 iussit·
566 1937 817 1988 Barbaros
837 1940 891 1988 in
910 1941 1038 1989 urbe
1061 1941 1407 2005 deprehensos
1428 1941 1480 1986 in
1502 1955 1619 1986 ser·-

78 2007 305 2054 vitutem
322 2003 542 2068 redegit:
564 2004 797 2064 Milesiis,
820 2007 907 2070 qui
929 2007 1304 2072 superfuerant,
1325 2005 1613 2052 libertatem

78 2071 323 2130 restituit,
345 2071 411 2120 ob
430 2083 657 2121 veterem
676 2072 817 2120 urbis
840 2074 1076 2136 gloriam.
1113 2072 1342 2119 Tantum
1362 2070 1503 2117 enim
1522 2068 1614 2132 ali-7

79 2135 293 2202 quando
317 2139 501 2202 opibus
523 2139 789 2202 gloriaque
809 2139 1020 2188 Miletus
1040 2141 1300 2197 floruerat,
1339 2147 1398 2184 ut
1417 2153 1510 2202 per
1529 2135 1612 2183 vi-

79 2207 193 2254 cina
211 2206 377 2268 maria
397 2222 551 2271 supra
572 2207 888 2271 septuaginta
909 2207 1135 2254 colonias
1157 2203 1444 2266 deduxerit,
1464 2203 1610 2250 mul—

78 2273 140 2321 tis
162 2289 373 2338 quoque
396 2273 589 2320 civibus
608 2273 814 2333 nobilis,
856 2273 945 2336 qui
982 2273 1037 2320 in
1069 2271 1224 2320 sacris
1247 2271 1610 2320 certaminibus

76 2341 308 2403 palmam
327 2338 515 2402 adepti,
554 2340 743 2404 patriae
775 2339 1125 2388 celebritatem
1159 2350 1426 2387 auxerant:
1485 2353 1610 2384 nam

77 2405 337 2456 eiusmodi
358 2407 613 2466 victoriae,
654 2423 799 2455 more
830 2405 1060 2470 quodam
1093 2405 1430 2466 Graecorum,
1475 2403 1609 2450 inter

76 2475 246 2536 prima
283 2473 505 2521 virtutis-
531 2471 717 2522 decora
732 2485 1048 2522 -censentun
1113 2471 1176 2521 In
1218 2487 1372 2535 quem
1408 2471 1606 2517 iocatus

78 2537 386 2601 Alexander,
426 2555 613 2604 magna
642 2540 974 2590 multitudine
1007 2549 1292 2588 statuarum
1323 2546 1607 2600 conspecta,

80 2605 171 2655 ubi
208 2617 377 2657 erant
406 2607 637 2656 istorum
667 2605 881 2666 lacerti,
924 2609 1106 2672 inquit,
1148 2621 1266 2654 cum
1303 2606 1608 2654 Persarum

76 2671 278 2742 iugum
290 2673 586 2740 recepistis
598 2671 631 2723 ?
652 2675 839 2741 quippe
858 2673 936 2725 vir
953 2687 1208 2744 strenuus,
1227 2683 1279 2722 et
1296 2671 1364 2722 ad
1380 2668 1608 2724 bellandi
