2084 3009
760 92 785 103 .-
813 84 823 90 a

449 200 484 253 6
607 229 616 236 -
862 186 1548 245 SVPPLEMEN'M

444 292 813 359 cogitaverant,
852 308 1031 343 omnes
1049 292 1108 341 in
1125 306 1274 343 suam
1291 289 1493 355 redegit
1511 298 1830 357 potestatem.
1864 288 1958 344 In-

444 360 717 413 ferioribus
740 362 881 411 enim
912 371 1092 412 contra
1121 361 1409 425 superiores
1430 356 1650 409 suadens
1671 359 1959 423 certamina,

444 428 688 479 omnibus
726 426 795 479 ad
826 429 1052 479 invicem
1089 426 1275 479 callide
1320 427 1566 489 incitatis,
1623 442 1664 495 a·
1703 425 1960 478 Thebanis

446 495 603 545 etiam
622 493 735 562 (qui
752 508 927 557 tamen
946 507 1096 547 antea
1113 510 1263 558 eum,
1283 505 1532 559 tanquam
1552 492 1772 556 hostem,
1791 497 1965 561 repel-

445 564 555 613 lere
572 560 907 629 conabantur)
943 574 1120 613 contra
1141 561 1576 615 Lacedaemonios
1598 573 1648 611 et
1664 559 1965 626 Phocenses,

445 631 561 696 qui,
600 632 799 697 templo
816 629 1080 697 Apollinis
1099 630 1345 696 spoliato,
1382 630 1574 679 milites
1601 626 1965 695 conduxerant,

444 699 741 748 necessitate
760 710 974 761 urgente
986 732 1001 761 ,
1034 697 1145 749 dux
1163 698 1354 747 electus
1365 732 1380 761 ,
1417 696 1672 762 oppressis
1691 696 1966 761 sacrilegis,

444 779 789 831 magnamque
804 764 929 815 'iude
950 764 1090 832 apud
1111 782 1292 817 omues
1326 766 1560 813 nationes
1591 765 1811 827 gloriam
1837 764 1964 814 ade—

444 842 564 899 ptus
578 866 593 895 ,
632 832 868 883 omnium
880 832 954 881 ad
981 833 1230 884 ultimum
1248 831 1462 881 efficitur
1481 830 1721 880 dominus
1740 846 1798 881 ac
1817 832 1967 898 prin-

446 915 593 963 ceps,
616 911 667 948 et
685 900 845 949 victos
866 901 1057 964 pariter
1076 910 1228 963 atque
1245 896 1463 949 victbres
1495 898 1792 948 servitutem
1820 898 1967 949 subi-

442 983 503 1016 re
522 968 703 1031 coegit.
761 965 885 1015 lude
906 968 961 1015 in
980 962 1360 1033 Cappadociam
1386 966 1667 1025 traiiciens,
1689 966 1862 1031 ‘captis
1897 976 1950 1017 et
2034 984 2035 1007 2

447 1033 627 1082 occisis
657 1034 887 1081 finitimis
908 1027 1144 1097 regibus,
1183 1034 1480 1083 universam
1507 1032 1832 1098 provinciam
1859 1033 1968 1082 im·-

484 1101 589 1148 erio
608 1097 937 1149 Macedoniae
946 1099 1160 1149 adiecit.
1181 1098 1412 1166 Olyntho
1434 1116 1641 1165 quoque
1663 1111 1968 1166 expugnata,

442 1117 715 1220 {bradam
737 1166 935 1225 invasit.
963 1167 1116 1229 Nam,
1139 1184 1260 1215 cum
1280 1184 1401 1217 eum
1420 1168 1598 1217 iratres
1621 1164 1725 1216 duo
1747 1166 1970 1218 Thraci-

444 1248 503 1283 ae
522 1248 695 1297 reges,
737 1232 801 1282 de
823 1234 1055 1285 terminis
1074 1235 1222 1298 regni
1243 1234 1587 1297 ambigentes,
1630 1231 1970 1300 disceptatio-

443 1316 575 1351 num
594 1317 807 1350 suarum
826 1298 1052 1351 iudicem
1071 1302 1346 1365 eligerent,
1379 1300 1647 1367 Philippus
1677 1299 1743 1350 ad
1774 1300 1970 1351 iudici-

442 1382 537 1417 um
553 1369 695 1417 velut
713 1367 779 1417 ad
794 1369 1023 1431 bellum,
1057 1369 1442 1433 inopinantibus
1463 1369 1729 1429 fratribus,
1770 1368 1970 1419 instru-

445 1444 527 1483 cto
550 1436 771 1484 exercitu
791 1436 955 1497 venit,
998 1448 1050 1485 et
1065 1447 1343 1499 utrumque
1363 1448 1522 1499 regno
1535 1472 1549 1497 ,
1586 1434 1651 1483 de
1672 1451 1774 1499 quo
1797 1434 1970 1485 disce-

444 1501 669 1567 ptabant,
684 1502 941 1565 spoliavit:
977 1518 1158 1549 omnes
1178 1519 1297 1551 sane
1318 1503 1575 1567 principes
1597 1500 1812 1564 docens,
1831 1519 1970 1553 con-

446 1566 677 1634 cordiam
716 1568 1007 1615 maximum
1044 1566 1113 1615 ad
1157 1568 1502 1617 conservanda
1549 1568 1763 1635 imperia
1809 1579 1970 1636 atque

443 1634 763 1701 principatus
784 1632 1116 1683 stabiliendos
1137 1633 1514 1685 adminiculum
1533 1652 1656 1685 esse.

578 1696 873 1749 Alexander
928 1712 1102 1749 autem
1143 1701 1304 1750 factus
1361 1718 1620 1751 annorum
1665 1699 1971 1765 duodecim,

442 1764 597 1815 rebus
618 1767 817 1815 bellicis
837 1765 1124 1817 admodum
1147 1766 1418 1827 delectari,
1450 1780 1500 1817 et
1523 1769 1747 1819 excelsae
1767 1766 1974 1821 indolis

441 1833 855 1883 manifestissima
885 1836 1116 1900 proferre
1155 1824 1352 1901 indicia*
1381 1836 1564 1902 coepit.
1624 1834 1869 1901 Cumque
1903 1854 1972 1889 ex

440 1901 738 1965 aequalibus
756 1903 997 1951 nonnulli
1016 1920 1081 1951 ex
1098 1895 1160 1951 'eo
1182 1912 1605 1968 percontarentur
1619 1938 1634 1962 ,
1675 1901 1742 1954 ad
1761 1902 1970 1971 Olym-

438 1966 615 2032 picum
634 1967 869 2033 nunquid
887 1968 1112 2017 stadium
1130 1970 1298 2019 libens
1313 1966 1628 2019 decertaret?
1647 1968 1974 2036 (plurimum
2034 2000 2035 2019 ³

444 2034 587 2083 enim
606 2034 804 2101 pedum
825 2036 1080 2086 celeritate
1101 2034 1348 2102 pollebat)
1369 2036 1558 2087 Libens
1581 2035 1856 2105 equidem,
1877 2040 1974 2091 in-
2034 2094 2035 2101 χ

439 2102 577 2165 quit,
618 2104 663 2151 si
706 2102 1054 2153 decertaturos
1089 2120 1299 2153 mecum
1335 2120 1478 2168 reges
1531 2104 1632 2155 sim
1669 2105 1975 2157 habiturus.

438 2166 587 2216 Olim
609 2185 731 2217 cum
761 2170 891 2218 sorte
929 2172 1134 2221 absente
1175 2168 1414 2237 Philippo
1453 2172 1606 2235 legati
1625 2189 1654 2221 a
1683 2170 1977 2223 Persarum

435 2250 553 2298 rege
572 2237 852 2298 venissent,
894 2254 979 2287 eos
1000 2255 1121 2287 cum
1141 2238 1362 2303 hospitio
1375 2274 1391 2300 ,
1437 2248 1552 2287 tum
1585 2239 1978 2305 consuetudine
2034 2270 2035 2301 ᾗ

422 2302 611 2367 'captos
624 2338 639 2365 ‚
659 2303 1146 2361 iucundissimalsibi
1165 2306 1505 2357 familiaritate
1527 2308 1820 2369 coniunxit,
1866 2306 1979 2357 ad-

434 2370 706 2432 mirantes,
747 2370 888 2435 quod
907 2373 949 2419 is
970 2370 1104 2421 nihil
1125 2383 1214 2420 aut
1232 2371 1428 2422 humile
1449 2384 1536 2423 aut
1557 2375 1757 2439 puerile
1779 2376 1978 2426 scisci-
2034 2378 2035 2439 f

434 2448 651 2499 taretur,
692 2438 785 2500 sed
802 2448 891 2485 aut
917 2440 1120 2486 viarum
1147 2439 1554 2502 longitudinem,
1597 2447 1684 2491 aut
1711 2446 1977 2507 superio-

433 2520 553 2553 rum
572 2505 817 2552 itinerum
838 2504 1025 2553 modos
1056 2506 1410 2571 perquirebat,
1448 2509 1613 2557 multa
1644 2525 1802 2574 super
1820 2527 1977 2578 rege,

432 2572 598 2634 qualis
618 2571 673 2618 in
693 2570 865 2619 hostes
886 2584 1040 2633 esset,
1083 2589 1222 2624 nuuc
1243 2590 1396 2637 super
1414 2574 1580 2623 Persis
1594 2611 1608 2637 ,
1646 2574 1782 2643 quae
1799 2577 1976 2641 vires,

435 2647 521 2687 aut
540 2653 669 2701 quae
690 2648 820 2687 esset
836 2639 1090 2703 potentia,
1129 2640 1398 2703 rogitabat.
1438 2640 1580 2705 Quas
1607 2660 1688 2693 res
1711 2642 1978 2697 admirati
