2084 3009
626 188 669 238 1.
705 188 730 237 1
764 189 803 236 B
838 190 884 238 E
927 190 972 239 R
1034 178 1208 271 vui.
1573 190 1678 253 '251

166 289 414 357 que'ultra
434 288 708 358 Hydaspen
729 306 936 339 amnem
969 293 1243 357 regnabat3
1284 294 1481 343 ‹tt-bem
1511 293 1685 344 fortu-

164 374 301 417 nam,
323 357 554 423 quisquis
577 360 956 419 armainferret,
979 362 1201 425 experiri
1223 360 1529 411 decreverat.
1551 362 1682 412 Οῐιιό

163 424 276 494 phis
289 460 302 485 ‚
327 426 655 490 permittente
676 426 996 487 Alexandro,
1027 439 1079 475 et
1096 428 1296 491 regium
1317 429 1515 491 insigne
1535 445 1687 477 sum-

163 494 254 552 sit,
275 503 325 540 et
361 509 510 541 more
543 494 704 557 gentis
737 510 854 541 suae
892 511 1087 543 nomen
1126 495 1269 559 quod
1306 496 1463 561 patris
1505 496 1686 545 fuerat.

168 558 402 608 Taxilen
423 562 740 625 appellavere
761 561 1033 626 populares
1047 597 1061 622 ‚
1085 573 1327 627 sequente
1345 563 1557 611 nomine
1582 564 1688 610 im·-

162 629 366 694 perium
383 628 441 695 in
463 645 820 693 quemcunque
851 625 1106 677 transiret.
1174 630 1315 693 Ergo
1338 646 1457 677 cum
1476 646 1569 694 per
1587 630 1689 678 tri·-

162 693 329 743 duum
351 692 669 759 hospitaliter
688 694 1043 744 Alexandrum
1065 698 1361 761 accepisset,
1384 708 1564 761 quarto
1585 696 1687 761 die,

163 774 212 811 et
233 768 498 829 quantum
506 760 784 828 frumenti
802 762 988 829 copiis,
1012 779 1150 831 quas
1169 762 1554 830 Hephaestion
1576 762 1685 813 du-

161 836 344 887 xerat,
357 827 792 894 praebitumase
805 837 971 887 esset,
996 830 1243 891 ostendit3
1264 842 1313 879 et
1334 849 1507 880 aureas
1530 848 1687 879 coro-

159 912 248 944 nas
263 896 358 961 ipsi
373 897 649 961 amicisque
665 899 921 956 omnibns,
942 909 1141 960 praeter
1153 896 1277 947 haec
1290 899 1474 961 signati
1494 899 1692 961 argenti

158 976 304 1011 Lxxx
317 963 508 1011 talenta
520 962 657 1012 dono
671 963 827 1013 dedit.
842 964 957 1027 Qua
969 964 1279 1027 benignitate
1292 962 1692 1013 eiusAlexander

161 1032 292 1079 mire
315 1031 492 1091 laetus,
517 1042 567 1079 et
587 1048 714 1095 quae
737 1032 778 1079 is
801 1030 1025 1091 dederat,
1045 1032 1261 1091 remisit,
1283 1042 1332 1078 et
1343 1030 1692 1079 milletalenta

162 1115 224 1146 ex
242 1095 448 1163 praeda,
471 1114 627 1162 quam
646 1098 879 1158 vehebat,
902 1098 1103 1158 adiecit,
1124 1101 1390 1162 multaque
1412 1099 1689 1147 convivalia

161 1181 223 1213 ex
241 1182 369 1213 auro
390 1174 440 1212 et
458 1177 669 1229 ,argento
687 1183 819 1225 vasa,
839 1167 1125 1230 plurimum
1146 1164 1546 1227 Persicam-estis,
1570 1180 1687 1213 xxx

162 1250 324 1297 equos
345 1249 406 1280 ex
426 1232 556 1293 suis,
598 1248 718 1280 cum
735 1232 918 1281 iisdem
942 1234 1225 1295 insignibus
1240 1270 1254 1293 ,
1297 1232 1410 1297 quis
1432 1232 1684 1281 adsuere*

159 1311 290 1361 rant,
316 1315 435 1348 eum
455 1300 626 1365 ipsum
643 1297 901 1347 veherent.
935 1299 1082 1362 Quae
1105 1300 1395 1359 liberalitas,
1415 1301 1543 1346 sicut
1562 1300 1687 1347 hai-‹¹-

156 1368 347 1417 barum
369 1366 737 1423 obstrinxerat,
770 1366 838 1413 ita
860 1364 1051 1412 amicos
1073 1365 1230 1427 ipsius
1248 1364 1579 1415 vehementer
1600 1365 1686 1412 of-

157 1435 340 1484 fendit.
391 1432 438 1482 E
479 1434 664 1498 quibus
699 1432 986 1495 Meleager,
1025 1447 1179 1495 super
1218 1446 1430 1477 coenam
1468 1431 1687 1493 largiore

155 1504 278 1552 vino
302 1518 454 1559 usus,
483 1498 775 1569 gratulari
791 1514 851 1547 se
870 1496 1190 1547 Alexandro
1212 1496 1342 1545 dixit
1356 1532 1368 1554 ‚
1406 1495 1551 1565 quod
1568 1495 1687 1545 sal·

148 1578 272 1631 ,tem
324 1568 384 1617 in
421 1567 590 1617 India
640 1566 944 1633 reperisset
982 1564 1215 1633 dignum
1252 1560 1483 1613 talentis
1524 1562 1684 1615 mille.

158 1637 270 1686 Rex
287 1672 301 1695 ‚
339 1634 478 1683 haud
498 1636 689 1684 oblitus
712 1651 868 1700 quam
888 1648 1035 1697 aegre
1065 1632 1285 1691 tulisset,
1328 1630 1465 1694 quod
1486 1630 1685 1679 Clitum

159 1706 229 1753 ob
250 1702 458 1766 linguae
490 1702 832 1750 temeritatem
868 1699 1164 1759 occidisset,
1204 1699 1335 1745 iram
1370 1696 1580 1760 quidem
1600 1710 1683 1747 te—

158 1770 304 1830 nuit,
347 1766 440 1815 sed
460 1767 604 1828 dixit,
631 1768 847 1835 invides
876 1766 1125 1827 homines
1144 1763 1290 1815 nihil
1314 1762 1497 1826 aliud,
1520 1781 1687 1834 quam

162 1839 409 1907 ipsorum
433 1850 556 1883 esse
568 1842 856 1883 tormenta.
1660 1848 1665 1855 ·

231 1901 382 1953 CAP.
417 1902 563 1951 XIII.
629 1900 842 1953 Postero
874 1901 954 1953 die
973 1903 1129 1968 legati
1148 1901 1391 1953 Abisarae
1412 1900 1579 1950 adiere
1598 1916 1686 1949 re·-

163 1989 298 2038 gem.
339 1968 532 2018 Omnia
554 1968 758 2018 ditioni
774 1970 910 2030 eius,
932 1972 1000 2019 ita
1020 1984 1077 2021 ut
1096 1970 1399 2019 mandatum
1412 1978 1532 2026 erat,
1543 1982 1685 2031 pet—

165 2036 492 2089 mittebant:
529 2038 830 2101 firmataque
861 2038 1083 2085 invicem
1103 2037 1227 2097 fide,
1266 2035 1599 2084 remittuntur
1620 2031 1687 2080 ad

163 2124 362 2171 regom.
429 2102 620 2152 Porum
653 2122 856 2169 quoque
887 2105 1113 2153 nominis
1155 2104 1236 2151 sui
1273 2102 1407 2150 sama
1449 2111 1589 2149 ratus
1620 2097 1685 2147 ad

167 2174 482 2223 deditionem
501 2186 652 2236 posse
675 2172 934 2237 compelli,
955 2172 1098 2219 misit
1110 2168 1175 2217 ad
1196 2185 1317 2217 eum
1336 2167 1685 2228 Cleocharem,

166 2243 257 2309 qui
287 2239 611 2289 denuntiaret
632 2240 703 2298 ei,
747 2247 809 2287 ut
834 2237 1173 2304 stipendium
1190 2234 1497 2302 penderet,
1539 2242 1596 2283 et
1626 2233 1685 2281 in

159 2308 340 2375 primo
345 2298 553 2372 finium
571 2322 794 2355 suorum
827 2306 987 2354 aditu
1010 2311 1321 2353 occurreret
1341 2303 1481 2371 regi.
1520 2299 1685 2348 Porus

169 2374 408 2425 alterum
427 2390 496 2422 ex
512 2371 906 2441 bisfacturum
925 2390 1051 2422 sese
1060 2370 1340 2437 respondit,
1364 2378 1428 2417 ut
1450 2365 1688 2418 intranti

172 2456 400 2511 regnum
421 2456 581 2489 suum
636 2450 824 2493 raesto
839 2448 1003 2498 esset,
1027 2438 1129 2489 sed
1147 2444 1409 2488 armatus.
1444 2436 1556 2483 Iam
1575 2432 1689 2497 Hy·-

173 2507 364 2573 daspen
384 2508 582 2559 Alexan
622 2528 673 2557 er
697 2524 932 2574 superare
966 2506 1279 2567 decreverat3
1326 2518 1445 2579 curn
1465 2500 1689 2548 Barzen-

172 2585 248 2624 tes
274 2575 567 2627 defectionis
593 2575 883 2624 Arachosiis
915 2587 1089 2623 auctor
1119 2575 1342 2631 vinctus,
1381 2568 1689 2631 trigintaque

175 2640 432 2709 elephanti
451 2643 610 2691 simul
639 2643 768 2710 capti
797 2641 1175 2710 perducuntur,
1210 2646 1563 2708 opportunum
1592 2633 1689 2685 ad-
