2084 3009
392 152 625 209 stPL.
659 156 735 209 IN
770 157 838 225 Q.
876 157 1194 212 canvM
1228 157 1291 208 L.
1323 157 1390 207 11.
1547 159 1654 218 423

109 275 281 324 neque
302 258 480 323 aquari
499 257 760 323 lignarive,
800 271 887 308 aut
928 261 1092 308 cetera
1117 259 1396 308 necessaria
1436 276 1464 308 e
1503 267 1654 323 terra,
1786 265 1795 300 ¹

109 337 291 392 petere
316 327 653 392 permitteret.
726 328 800 376 Ea
822 344 901 394 res
922 327 1169 376 barbaros
1202 328 1255 374 in
1283 327 1534 375 maximas
1556 346 1653 392 an-

112 394 311 458 gustias
343 395 585 442 coniecit:
624 394 843 442 obsessis
883 394 1079 442 similes
1120 393 1398 442 haerebant
1421 393 1473 441 iu
1495 405 1649 458 portu

112 478 282 526 neque
306 471 498 510 terram
518 462 606 510 ubi
627 463 871 510 volebant
891 478 1094 526 capere,
1137 471 1225 509 aut
1244 461 1538 508 necessariis
1560 478 1649 508 re-

112 527 213 578 bus
240 527 386 576 refici
420 539 669 593 poterant.
724 528 900 593 ltaque
942 530 1158 578 consilio
1198 527 1386 588 habito,
1429 527 1649 576 Samum

109 605 412 644 averterunt
432 599 668 656 cursum,
708 597 971 660 petitoque
992 595 1112 644 inde
1134 605 1450 655 commeatu,
1491 594 1649 642 Mite-

110 674 229 712 tum
260 663 451 711 revecti
478 675 594 711 aute
617 664 806 712 ostium
827 675 1006 728 portus
1034 664 1281 711 instructa
1313 662 1419 710 acie
1451 662 1649 709 cousti-

108 739 306 777 teiunt.
380 728 523 780 Inter
543 729 667 778 hacc
698 730 925 794 quinque
946 728 1222 778 Persarum
1243 746 1396 778 naves
1417 729 1470 776 iu
1492 739 1648 792 portu

104 794 362 860 quodam,
404 797 493 860 qui
514 797 644 846 inter
662 814 873 862 parvam
896 798 1043 845 illam
1064 797 1304 857 insulam,
1344 795 1408 843 de
1435 812 1532 859 qua
1554 812 1649 843 su-

103 879 205 928 pra
221 861 425 910 dictum
445 875 549 922 est,
587 873 637 912 et
658 865 929 912 stationem
950 863 1314 912 Macedonicae
1338 864 1511 911 classis
1531 878 1650 919 ‚me-

108 929 233 977 dius
252 939 378 989 erat,
399 931 561 977 multa
581 929 809 978 hostium
829 931 1025 994 navigia
1048 930 1342 994 conspicati,
1368 931 1534 993 plenis
1556 945 1651 975 ve-

106 996 179 1044 lis
202 1012 269 1044 co
286 995 609 1044 serebantur:
650 1011 772 1060 nam
802 996 1086 1043 maximam
1107 997 1368 1044 sociorum
1390 995 1651 1043 navalium

108 1073 316 1130 partem
338 1064 410 1112 ob
431 1063 594 1112 varios
615 1080 745 1118 usus,
758 1063 931 1111 abesse
954 1063 1301 1122 coniecerant,
1343 1078 1651 1110 vacuarum-

110 1146 219 1194 que
242 1131 451 1180 navium
472 1129 609 1178 haud
629 1129 894 1179 difficilem
928 1129 1320 1193 occupationem
1359 1127 1466 1176 sore
1507 1130 1678 1178 arbi--

110 1196 399 1246 trahantur.
454 1195 525 1246 At
546 1214 632 1246 rex
652 1197 730 1257 iis,
772 1198 859 1262 qui
882 1195 1105 1256 aderant,
1129 1197 1362 1245 celeriter
1393 1197 1445 1244 in
1467 1194 1647 1245 decem

115 1264 355 1312 triremes
385 1265 651 1330 impositis,
693 1262 908 1314 obviam
948 1265 1029 1312 ire
1059 1261 1310 1312 Ito-stibus
1350 1263 1508 1312 iubet.
1565 1262 1650 1310 Illi

116 1342 237 1379 tum
260 1345 473 1382 numero
496 1333 724 1391 navium,
748 1343 859 1381 tum
879 1331 1138 1394 inopinata
1157 1339 1213 1378 re
1233 1328 1502 1394 perterriti,
1529 1345 1649 1376 cum

117 1398 265 1446 ultro
286 1414 339 1446 sc
358 1401 459 1464 peti
482 1401 834 1466 conspicerent
857 1398 920 1446 ab
946 1399 1021 1460 iis,
1063 1413 1192 1462 quos
1231 1397 1508 1471 imparatos
1550 1411 1648 1458 op-

158 1466 352 1513 ressuri
366 1477 615 1526 venerant,
639 1478 779 1530 terga
794 1476 1019 1514 vertunt:
1039 1481 1142 1517 uua
1157 1475 1328 1511 tamen
1343 1477 1496 1520 navis,
1521 1478 1648 1524 quae

115 1482 309 1580 fassios
326 1527 551 1595 vehebat,
590 1533 904 1598 deprehensa
926 1544 1029 1593 est3
1071 1544 1262 1580 ceterae
1283 1527 1562 1578 velociores
1585 1526 1652 1576 ad.

112 1615 269 1647 suam
291 1601 504 1650 classem
527 1602 828 1666 effugerunt.
882 1599 958 1648 Ita
983 1600 1130 1646 nullo
1165 1613 1382 1658 eorum,-
1406 1611 1533 1658 quae
1565 1596 1650 1642 iu-

112 1664 403 1728 tenderant,
442 1670 635 1729 effecto,
666 1667 849 1716 Mileto
872 1666 1157 1722 discessum
1178 1675 1270 1712 est.
1338 1660 1649 1720 Alexander,

116 1749 243 1780 cum
264 1746 413 1782 suam
433 1737 648 1784 classem
667 1752 833 1800 neque
873 1733 1049 1782 hostili
1088 1748 1288 1798 parem,
1325 1741 1375 1778 et
1414 1728 1480 1778 ad
1518 1730 1649 1780 alios

114 1817 241 1849 usus
261 1816 624 1865 supervacuam
644 1801 1009 1858 sihicerneret,
1043 1799 1296 1861 multique
1319 1808 1370 1845 et
1388 1813 1560 1860 graves
1585 1795 1651 1845 ad

116 1879 449 1916 eamsumtns
472 1869 865 1932 requirerentur,
887 1865 1146 1914 dimittere
1169 1881 1286 1914 eam
1305 1864 1495 1922 statuit,
1519 1881 1652 1930 pau-

115 1935 188 1982 cis
212 1935 422 1983 navium
444 1936 668 1994 retentis,
690 1935 879 1998 quibus
900 1931 966 1982 ad
988 1933 1282 1982 obsidiones
1303 1931 1513 1980 urbium
1533 1947 1652 1977 ma-

115 2001 301 2048 chinae
341 2010 691 2064 tormentaque
731 2010 1074 2064 portarentur.
1156 1999 1479 2054 Dissuaserat
1516 1993 1651 2042 illud

110 2065 409 2124 Parmenio,
450 2078 840 2131 monueratque,
880 2070 939 2115 u't
958 2065 1123 2113 navali
1143 2064 1342 2128 proelio
1365 2059 1649 2108 contende-

113 2146 275 2186 retur.
354 2133 751 2184 Macedonibus
782 2133 927 2182 enim
958 2129 1263 2184 victoribus
1292 2143 1554 2203 magnum
1574 2123 1653 2175 acl

115 2209 309 2249 cetera
349 2198 766 2250 emolumentum
804 2213 1155 2261 accessurum
1195 2211 1349 2245 esse:
1389 2201 1452 2242 at
1471 2201 1649 2243 motos

114 2264 263 2316 nihil
296 2283 435 2316 sane
476 2267 793 2328 amissuros,
834 2282 965 2316 nam
1002 2262 1288 2329 imperium
1328 2261 1497 2310 maris
1535 2260 1650 2309 iam
1680 2304 1684 2308 .

114 2343 237 2384 tum
260 2349 380 2382 esse
395 2349 576 2400 penes
595 2336 802 2384 Persas
814 2355 837 2392 ;
890 2341 947 2382 et
966 2331 1138 2380 litora
1140 2327 1321 2397 facile
1343 2336 1645 2385 luctaturos,

114 2399 581 2470 q'uipedestribus
602 2402 776 2467 copiis
789 2399 921 2466 plus
932 2406 1186 2465 possent.
1245 2397 1466 2460 Quoque
1489 2411 1646 2458 expe-

114 2469 283 2528 ditius,
309 2468 450 2533 quod
471 2469 755 2526 videbatur,
776 2469 1043 2526 obtineret,
1067 2465 1224 2524 idern,
1255 2463 1344 2527 qui
1366 2461 1644 2509 consilium

115 2534 339 2596 dederat,
362 2535 595 2602 exsequi
608 2531 743 2587 illud
751 2542 1022 2600 paratum
1036 2531 1352 2587 ostendebat,
1377 2542 1643 2603 con-sceq-

117 2602 295 2676 eisque
337 2601 599 2665 navibus,
645 2617 805 2672 quam
828 2617 946 2652 rex
985 2598 1264 2666 iussisset,
1303 2594 1639 2650 discrimina
