2084 3009
404 127 423 142 ‘
498 139 603 194 325
1036 137 1102 198 Q.
1171 131 1214 182 C
1234 133 1282 184 V
1297 133 1342 182 R
1361 131 1407 180 Τ
1429 130 1496 182 11

496 251 678 299 regem
696 217 876 298 liquet,
917 236 1057 286 bona
1082 244 1294 286 naturae
1315 233 1418 280 eius
1439 231 1626 292 fuisse3
1663 233 1787 284 vitia
1804 233 1892 282 vel
1915 233 2013 282 sor-

500 314 668 362 tunae,
686 303 771 349 vel
792 305 981 352 aetatis.
1049 302 1141 352 Vis
1162 299 1470 349 incredibilis
1491 299 1673 348 animi:
1712 300 1911 349 laboris
1931 317 2016 365 pa-

500 369 673 418 tientia
691 370 1074 435 propemodum
1093 369 1278 427 nimia3
1316 365 1564 429 fortitudo
1594 385 1703 415 non
1723 356 2016 430 inter'reges

500 435 661 486 modo
685 437 953 500 excellens,
992 435 1086 485 sed
1104 437 1238 484 inter
1259 434 1375 482 illos
1401 450 1622 498 quoque,
1654 446 1884 498 quorum
1902 433 2017 482 haec

500 503 608 554 sola
645 501 805 552 virtus
844 503 963 552 fuit:
1000 501 1278 553 liberalitas
1311 514 1460 564 saepe
1498 501 1695 548 maiora
1733 501 2017 558 tribuentis,

499 587 657 634 quam
676 587 705 618 a
724 568 837 619 Diis
855 583 1128 636 petuntur:
1149 568 1420 620 clementia
1442 567 1496 614 in
1517 565 1759 626 devictos,
1781 577 1861 616 tot
1870 583 2016 631 regna

498 648 585 688 aut
607 625 823 697 reddita,
844 639 1031 702 quibus
1056 655 1114 686 ea
1135 635 1388 705 demserat
1405 633 1543 682 hello
1558 669 1574 696 ‚
1611 645 1699 682 aut
1718 632 1860 686 dono
1881 633 2017 682 data.

497 704 711 764 mortis,
749 703 890 752 cuius
910 716 1080 752 metus
1101 715 1292 750 ceteros
1319 701 1590 758 exanimat,
1629 713 1876 766 perpetua
1895 717 2018 748 con-

498 769 703 834 temtio:
742 769 935 832 gloriae
954 770 1228 834 laudisque
1247 779 1306 816 ut
1333 766 1468 818 iusto
1501 768 1668 816 maior
1707 767 1916 832 cupido,
1955 767 2016 815 ita

499 847 557 884 ut
592 835 763 884 iuveni
787 847 838 884 et
876 837 931 886 in
958 838 1114 885 tantis
1147 831 1464 884 admittenda
1491 833 1666 883 rebus.
1732 833 1847 883 Iam
1864 835 2017 900 pietas

501 919 618 968 erga
636 914 891 968 parentes,
912 921 1140 970 quorum
1161 899 1472 968 Olympiada
1493 903 1876 950 immortalitati
1897 919 2020 950 con-

498 986 693 1020 secrare
716 966 1029 1030 decreverat3
1049 969 1348 1036 Philippum
1359 968 1497 1016 ultus
1511 980 1641 1017 erat:
1662 968 1766 1016 iam
1780 969 1834 1016 in
1847 985 2017 1020 omnes

500 1037 605 1092 fere
652 1038 844 1086 amicos
882 1037 1195 1100 benignitas;
1252 1053 1370 1098 erga
1419 1036 1606 1084 milites
1644 1035 2019 1093 benevolentia;
2066 1077 2067 1082 ,

500 1103 774 1151 consilium
792 1120 885 1167 par
907 1101 1249 1166 magnitudini
1271 1101 1446 1162 animi,
1469 1113 1520 1150 et
1539 1113 1784 1166 quantam
1794 1103 1884 1152 vix
1903 1111 2020 1168 pot-

500 1179 611 1217 erat
641 1179 775 1217 aetas
809 1168 917 1216 eius
949 1184 1145 1234 capere,
1187 1169 1446 1216 sollertia:
1484 1168 1676 1217 modus
1711 1169 2023 1218 immodica-

492 1250 617 1288 rum
639 1233 995 1300 cupiditatum,
1034 1233 1250 1286 Veneris
1288 1235 1421 1284 intra
1450 1237 1682 1294 naturale
1711 1235 2022 1286 desiderium

499 1318 639 1363 usus,
671 1319 774 1352 nec
811 1302 919 1360 ulla
956 1301 1052 1352 nisi
1092 1319 1154 1351 ex
1194 1303 1447 1367 permisso
1485 1304 1722 1366 voluptas
1739 1322 1770 1364 3,
1794 1303 2026 1368 ingentes

499 1369 729 1436 profecto
750 1369 897 1419 dotes
920 1381 1081 1420 erant.
1146 1367 1244 1418 Illa
1276 1369 1540 1437 fortunae:
1578 1365 1936 1435 Diis'‘aequare
1961 1389 2026 1432 se,

502 1449 564 1487 et-
592 1439 837 1488 coelestes
880 1437 1101 1486 honores
1139 1447 1408 1496 arcessere,
1447 1447 1498 1484 et
1535 1438 1657 1484 talia
1694 1437 2030 1487 suadentibus

504 1506 724 1555 oraculis
744 1502 967 1567 credere,
1006 1515 1058 1554 et
1077 1503 1470 1566 dedIgnantibus
1488 1503 1722 1552 venerari
1743 1504 1922 1569 ipsum
1940 1523 2033 1554 ve·-

499 1567 787 1621 hementius
809 1588 964 1637 quam
984 1588 1078 1636 par
1097 1582 1225 1626 esset
1245 1571 1490 1629 irasci3in
1514 1581 1786 1618 externum
1796 1571 2032 1622 habitum

500 1649 701 1689 mutare
722 1640 951 1705 corporis
974 1638 1190 1696 cultum,
1227 1637 1416 1689 imitari
1448 1637 1766 1700 devictarum
1795 1640 2032 1702 gentium

499 1720 691 1762 mores,
722 1722 849 1770 quas
872 1717 987 1754 ante
1007 1705 1274 1754 victoriam
1309 1712 1580 1770 spreverat.
1647 1705 1786 1754 Nam
1821 1705 2032 1754 iracun-

500 1765 643 1817 diam
662 1780 712 1817 et
742 1771 1037 1838 cupidinem
1067 1772 1170 1820 vini
1201 1772 1348 1822 sicuti
1379 1771 1582 1829 iuventa
1599 1771 1926 1834 irritaverat,
1965 1773 2029 1822 ita

498 1845 732 1900 senectus
770 1839 1005 1900 mitigare
1042 1839 1310 1909 potuisset.
1396 1837 1684 1886 Fatendum
1717 1846 1799 1887 'est
1837 1850 2030 1900 tamen,

500 1918 622 1958 cum
644 1901 931 1968 plurimum
948 1903 1124 1951 virtuti
1147 1903 1395 1964 debuerit,
1436 1907 1553 1968 plus
1586 1904 1826 1954 debuisse
1859 1907 2034 1955 fortu-

498 1987 621 2030 nae3
661 1985 817 2033 quam
837 1968 977 2018 solus
1002 1969 1242 2017 omnium
1258 1969 1564 2020 mortalium
1583 1972 1637 2020 in
1657 1968 1914 2037 potestate
1938 1973 2032 2021 ha-

500 2036 631 2089 huit.
650 2037 864 2102 Quoties
886 2037 1038 2086 illum
1058 2053 1087 2083 a
1106 2048 1274 2086 morte
1292 2035 1583 2087 revocavit?
1605 2038 1809 2103 quoties
1832 2051 2032 2089 temere

498 2105 554 2152 in
573 2105 801 2167 pericula
818 2115 1023 2154 vectum
1042 2115 1286 2168 perpetua
1306 2103 1546 2154 felicitate
1566 2103 1828 2171 protexit?
1879 2105 2032 2156 Vitae

490 2184 703 2232 *quoque
724 2171 880 2219 finem
900 2167 1124 2220 eundem
1143 2171 1234 2230 illi,
1257 2187 1412 2235 quem
1435 2171 1630 2234 gloriae
1651 2173 1846 2221 statuit.
1917 2173 2034 2222 Ex·

442 2281 449 2284 .
500 2247 785 2298 spectavere
806 2253 925 2285 eum
946 2237 1063 2294 fata,
1085 2235 1213 2285 dum
1226 2235 1436 2285 Oriente
1448 2237 1759 2302 perdomito,
1782 2239 2036 2306 aditoque

500 2299 723 2361 Oceano,
744 2301 995 2366 quidquid
1016 2303 1299 2352 mortalitas
1326 2302 1566 2368 capiebat,
1588 2304 1850 2368 impleret.
1901 2307 2039 2356 Huic

498 2367 606 2431 regi
628 2365 847 2433 ducique
868 2385 1128 2418 successor
1149 2370 1509 2434 quaerebatur:
1550 2371 1642 2420 sed
1663 2372 1839 2420 maior
1861 2377 2040 2424 moles

491 2439 618 2494 erat,
640 2451 793 2500 quam
815 2446 874 2494 ut
891 2452 1026 2484 unus
1049 2436 1216 2484 subire
1239 2452 1354 2484 eam
1375 2445 1564 2502 posset.
1623 2436 1807 2502 Iraque
1832 2458 2036 2492 nomen

495 2515 701 2566 quoque
722 2503 829 2552 eius
852 2513 901 2550 et
918 2502 1056 2550 fama
1076 2519 1250 2550 rerum
1270 2501 1322 2550 in
1342 2512 1510 2552 totum
1529 2504 1929 2569 propemodum
1953 2526 2036 2556 or-

494 2563 629 2626 bem,
650 2585 792 2632 reges
814 2583 870 2628 ac
889 2581 1041 2634 regna
1065 2567 1271 2620 diffudit
1283 2589 1298 2630 3
1319 2570 1684 2636 clarissimique
1703 2585 1828 2621 sunt
1850 2573 2030 2635 habiti,
