2084 3009
392 84 494 145 234
833 65 838 69 ’
914 87 982 149 o.
1050 38 1401 133 cvRTII‘

389 186 686 237 amicitiam
704 183 878 252 ipsius
903 183 1175 234 coluisset.
1262 183 1422 231 'Duos
1445 183 1525 231 illi
1541 182 1753 231 iuvenes
1776 196 1929 247 patre
1978 186 1993 194 ⁸

388 253 642 314 tradente,
684 270 871 303 secum
911 250 1251 302 militaturos
1291 250 1449 319 sequi
1486 250 1651 298 iussit.
1720 249 1928 301 Relicta

385 320 570 370 deinde
590 320 844 387 phalange
867 319 932 369 ad
950 317 1263 383 subigendos
1278 352 1292 379 ,
1334 318 1422 381 qui
1442 316 1761 377 defecerant,
1796 335 1929 368 cum

365 389 554 452 ¹equite
589 388 856 453 processit.
921 386 1167 436 Ardutun
1210 396 1260 434 et
1298 383 1609 450 impeditum
1648 384 1788 434 saxis
1820 386 1925 437 iter

386 458 554 521 primo
575 467 835 521 utcunque
855 454 1161 519 tolerabant.
1261 452 1387 501 Mox
1406 458 1663 515 equorum
1680 466 1791 501 non
1810 468 1919 502 un·-

388 523 520 586 gulis
542 521 702 571 modo
723 522 904 573 attritis
917 558 931 585 ,
953 520 1048 570 sed
1067 519 1367 585 corporibus
1388 519 1545 567 etiam.
1563 518 1781 582 fatigatis
1795 554 1809 580 ,
1830 536 1923 569 se·-

387 590 475 653 qui
500 588 731 654 plerique
759 606 868 638 non
897 597 1159 655 poterant,
1200 598 1251 635 et
1279 588 1442 635 rarius
1474 584 1698 634 subinde
1729 602 1923 650 agmen

387 657 550 717 fiebat,
570 656 838 721 pudorem,
853 666 908 709 ut
926 656 1034 720 fere
1067 654 1135 716 fit,
1156 652 1442 725 immodico
1463 652 1642 701 labore
1661 652 1923 703 vincente.

385 720 491 772 Rex
510 734 682 771 tamen
695 758 708 783 ‚
729 721 950 771 subinde
972 737 1132 787 equos
1152 732 1382 784 mutans,
1403 720 1513 769 sine
1534 720 1923 771 intermissione

385 788 634 853 fugientes
691 790 1073 854 insequebatur.
1159 788 1373 837 Nobiles
1432 788 1641 837 iuvenes
1680 788 1924 836 comitari

385 872 506 906 eum
525 856 664 904 soliti
683 855 973 905 defecerant
1003 864 1205 922 praeter
1231 853 1552 920 Philippum.
1619 852 1920 919 Lysimachi

369 924 492 973 'erat
512 922 682 982 frater,
701 934 816 971 tum
836 924 1071 988 primum
1090 920 1310 984 adultus,
1333 934 1398 983 et,
1420 920 1569 987 quod·
1582 922 1731 971 facile
1753 938 1922 989 appa·-

382 1002 533 1051 reret,
555 989 744 1039 indolis
765 1008 922 1040 rarae.
988 989 1039 1039 Is
1061 988 1235 1055 pedes,
1249 988 1554 1039 incredibile
1575 988 1745 1052 dictu,
1766 1005 1863 1054 per
1883 1006 1920 1040 1>

385 1056 544 1109 stadia
582 1068 788 1105 vectum
825 1072 1004 1120 regem
1041 1058 1313 1107 comitatus
1352 1068 1456 1117 est3
1514 1072 1669 1121 saepe
1720 1073 1922 1122 equum

383 1139 540 1173 suum
563 1124 804 1173 offerente
825 1122 1151 1188 Lysimacho,
1174 1141 1270 1172 nec
1286 1136 1463 1173 tamen
1480 1134 1539 1173 ut
1560 1122 1924 1188 digrederetur

315 1200 326 1204 “
383 1206 414 1237 a
432 1204 552 1253 rege
579 1189 708 1245 effici
727 1192 920 1255 potuit,
960 1190 1089 1239 cum'
1109 1190 1269 1239 lorica
1288 1189 1499 1241 indutus
1520 1208 1664 1239 arma
1683 1200 1924 1256 gestaret.

382 1253 557 1317 Idem,
585 1272 706 1305 cum
724 1252 1030 1323 perirentum
1052 1268 1183 1307 esset
1206 1259 1257 1307 in
1280 1259 1497 1317 saltum,
1520 1258 1573 1307 in
1593 1276 1698 1325 quo
1720 1276 1776 1308 se
1796 1258 1925 1309 har-

383 1322 495 1375 bari
516 1322 838 1390 abdiderant,
887 1324 1122 1375 nobilem
1140 1324 1302 1374 edidit
1316 1341 1575 1391 pugnam;
1634 1342 1925 1392 regemque

386 1393 620 1442 cominus
641 1409 763 1443 cum
781 1393 922 1443 hoste
944 1392 1280 1442 dimicantem
1300 1394 1539 1459 protexit.
1642 1392 1752 1443 Sed
1771 1406 1925 1459 post-

386 1475 544 1525 quam
561 1460 766 1509 barbari
784 1461 840 1511 in
860 1462 1035 1525 fugam
1056 1461 1202 1511 effusi
1222 1460 1491 1510 deseruere
1504 1461 1674 1522 silvas,
1694 1463 1923 1525 animus,

387 1527 474 1589 qui
500 1525 758 1576 in'ardore
778 1544 978 1593 pugnae
999 1544 1184 1593 corpus
1204 1539 1585 1589 sustentaverat,
1607 1529 1785 1594 liquit3
1830 1546 1924 1579 su·-

384 1592 593 1657 bitoque
619 1610 682 1643 ex
704 1596 944 1644 omnibus
966 1594 1218 1644 membris
1237 1594 1450 1660 profuso
1473 1594 1689 1658 sudore,
1721 1597 1924 1647 arboris

383 1661 648 1723 proximae
667 1662 826 1727 stipiti
847 1679 902 1711 se
921 1662 1183 1727 applicuit.
1270 1660 1473 1711 Deinde
1492 1679 1558 1710 ne
1578 1663 1674 1711 illo
1696 1664 1921 1729 quidem

341 1750 344 1757 ·
385 1722 696 1776 adminiculo
717 1729 1013 1789 sustinente,
1037 1729 1276 1778 manibus
1298 1730 1427 1793 regis
1454 1738 1698 1795 exceptus
1715 1743 1809 1791 est,
1832 1734 1922 1781 in-
1940 1752 1959 1763 =

385 1802 461 1840 ter
481 1808 606 1855 quas
629 1793 888 1859 collapsus
911 1796 1266 1861 exstinguitur.
1300 1796 1565 1845 Moestum
1582 1813 1767 1861 regem
1788 1800 1920 1848 alius

381 1856 522 1907 haud
539 1858 666 1907 levis
693 1858 844 1909 dolor
866 1863 1082 1925 excepit.
1154 1862 1389 1929 Erigyius
1408 1864 1541 1911 inter
1562 1864 1730 1913 claros
1760 1864 1920 1915 duces

384 1924 574 1988 fuerat3
611 1943 767 1991 quem
787 1927 1097 1987 exstinctum
1118 1944 1225 1977 esse
1244 1932 1422 1995 paullo
1444 1942 1721 1995 antequam
1739 1948 1921 1982 rever-

381 2003 572 2043 teretur
612 1994 666 2043 in
707 2002 894 2055 castra,
937 1995 1194 2059 coguovit.
1260 1996 1542 2063 Utriusque
1574 1998 1731 2048 funus
1770 2004 1919 2049 omni

379 2072 622 2125 apparatu
643 2072 793 2127 atque
813 2060 1009 2111 honofe
1032 2063 1347 2127 celebratum
1366 2075 1460 2113 est.
1542 2094 1547 2097 -

448 2124 600 2186 CAR
635 2125 731 2177 111.
797 2128 966 2179 Dahas
1026 2128 1212 2179 deinde
1270 2142 1512 2181 statuerat
1567 2143 1766 2197 petere:
1834 2134 1911 2184 ibi

379 2191 600 2257 namque
623 2192 976 2259 Spitamenem
997 2214 1106 2247 esse
1129 2210 1450 2262 cognoverat.
1486 2198 1593 2249 Sed
1621 2198 1752 2249 hanc
1771 2218 1913 2267 quo-

377 2275 477 2321 que
498 2260 892 2325 expeditionem,
914 2275 972 2313 ut
989 2266 1236 2329 pleraque
1257 2266 1353 2314 alia
1366 2301 1379 2327 ,
1400 2267 1605 2316 fortuna
1625 2267 1913 2333 indulgen-

377 2324 444 2372 do
466 2326 514 2373 ei
533 2342 800 2390 nunquam
826 2330 1042 2393 fatigata,
1064 2349 1159 2395 pro
1181 2332 1389 2382 absente
1412 2334 1675 2398 transegit.
1783 2336 1911 2401 Spi-

377 2402 603 2455 tamenes
641 2396 819 2442 uxoris
859 2396 1143 2445 immodico
1185 2414 1363 2447 amore
1398 2401 1675 2463 flagrabat3
1745 2406 1909 2467 quam

378 2472 521 2519 aegre
542 2458 742 2521 fugam,
801 2471 852 2507 et
872 2477 1003 2510 nova
1023 2462 1243 2511 subinde
1266 2466 1439 2513 exsilia
1460 2468 1767 2516 tolerantem
1781 2503 1799 2528 ,
1852 2470 1907 2517 iu

380 2537 532 2572 omne
551 2523 824 2575 discrimen
855 2527 1101 2578 comitem
1124 2530 1369 2585 trahebat.
1430 2532 1528 2582 Illa·
1546 2534 1695 2583 malis
1720 2534 1903 2597 fatiga·

1736 2747 1757 2759 O
