2084 3009
577 155 920 210 LIBER
989 156 1095 209 IX.
1493 159 1686 221 285‘

57 256 209 309 muri
233 273 424 308 corona
441 271 574 310 erat:
593 278 699 310 non
720 262 904 327 pinnae
924 261 1053 309 sicut
1073 259 1194 308 alibi
1213 258 1470 324 fastigium
1490 265 1597 314 eius

57 328 435 386 distinxerant3
473 327 564 377 sed
582 339 831 394 perpetua
866 329 1026 376 lorica
1070 327 1291 376 obducta
1327 330 1601 381 transitum

58 407 314 458 sepserat.
380 395 556 460 Itaque
579 411 670 444 rex
689 395 926 444 haerebat
945 395 1107 458 magis
1121 431 1135 456 ,
1176 409 1334 458 quam
1351 393 1515 444 stabat
1547 398 1600 446 in

57 463 335 526 margine,
379 465 560 530 clypeo
581 461 810 526 undique
830 461 1105 510 incidentia
1138 462 1241 509 tela
1271 463 1601 526 propulsan83

57 544 190 578 nam
217 531 412 595 ubique
435 531 633 578 eminus
655 543 718 580 ex
736 529 961 578 turribus
981 529 1266 594 petebatur.
1306 527 1412 576 Nec
1434 531 1603 581 subire

56 597 260 645 milites
282 608 531 663 poterant,
553 598 668 662 quia
691 611 906 662 superne
925 597 976 644 vi
995 598 1222 644 telorum
1242 594 1603 650 obruebantur.

59 663 318 712 Tandem
335 664 746 726 magnitudinem
765 665 982 730 periculi
1019 662 1191 728 pudor
1230 661 1375 710 vicit:
1414 664 1602 730 quippe

59 732 365 792 cernebant,
388 732 706 780 cunctatione
727 749 819 780 sua
839 730 956 778 dedi
978 729 1211 778 hostibus
1232 743 1427 792 regem.
1496 731 1601 780 Sed

57 797 365 848 festinando
385 800 718 848 morabantur
737 797 940 844 auxilia.
960 795 1096 844 Nam
1116 795 1243 844 dum
1260 813 1355 860 pro
1378 813 1433 846 se
1455 801 1603 862 quis-

59 881 170 928 que
195 877 354 913 certat
372 865 610 924 evadere,
661 879 932 912 oneravere
945 865 1135 924 scalas3
1186 863 1301 927 quis
1318 881 1426 913 non
1456 867 1601 914 suffi-

62 932 328 980 cientibus
350 929 580 998 devoluti
595 931 799 978 unicam
820 947 968 995 spem
987 931 1119 994 regis
1140 931 1449 980 fefellerunt.
1481 931 1605 980 Sta-

59 998 161 1047 bat
184 999 398 1046 enimin
419 1009 694 1064 conspectu
713 999 839 1047 tanti
859 999 1134 1060 exercitus,
1171 999 1313 1048 velut
1342 997 1395 1046 in
1414 999 1600 1048 solitu-

61 1063 190 1114 dine
213 1065 500 1114 destitutus.
615 1114 619 1118 ,
659 1079 666 1088 ⁴
1096 1100 1105 1106 -

173 1129 325 1180 CAP.
345 1132 408 1181 V.
429 1131 641 1198 Iamque
660 1133 871 1195 laevam,
893 1151 993 1198 qua
1014 1134 1253 1200 clypeum
1268 1131 1333 1182 ad
1347 1133 1477 1184 ictus
1498 1136 1601 1184 cir-

63 1199 404 1260 cumferebat,
416 1199 702 1259 lassaverat,
715 1201 1049 1249 clamantibus
1062 1201 1329 1262 amicisflct
1349 1201 1429 1251 ad
1451 1203 1601 1268 ipsos

64 1262 356 1327 desiliret,
398 1265 695 1328 stabantque
717 1267 1001 1330 excepturi3
1041 1282 1161 1314 cum
1190 1269 1279 1315 ille
1308 1285 1423 1317 rem
1453 1285 1603 1318 ausus

63 1329 432 1380 incredibilem
455 1342 604 1395 atque
627 1331 930 1391 inauditam,
968 1334 1238 1398 multoque
1257 1335 1419 1396 magis
1442 1335 1505 1382 ad
1524 1335 1605 1382 fa-

63 1414 214 1447 mam
237 1398 559 1456 temeritatis,
602 1413 757 1460 quam
778 1399 993 1461 gloriae,
1033 1399 1301 1462 insignem.
1369 1399 1605 1464 Namque

65 1471 128 1516 in
158 1465 346 1514 urbem
365 1463 592 1512 hostium
621 1465 832 1527 plenam
861 1464 1125 1530 praecipiti
1164 1465 1295 1513 saltu
1334 1468 1605 1532 semetipse

65 1533 318 1593 immisit3
358 1547 478 1578 cum
495 1532 580 1579 vix
599 1547 801 1595 sperare
823 1543 1000 1596 posset
1020 1531 1355 1581 dimicantem
1374 1545 1534 1596 certe,
1554 1543 1609 1582 et

66 1617 183 1650 non
213 1600 440 1647 inultum
472 1615 581 1647 esse
613 1599 954 1648 moriturum:
997 1600 1187 1664 quippe
1215 1610 1489 1663 antequam
1518 1615 1605 1648 as-

66 1677 331 1730 surgeret,
353 1666 575 1731 opprimi
597 1676 822 1732 poterat,
845 1676 896 1713 et
916 1667 1025 1730 capi
1042 1668 1207 1714 vivus.
1257 1665 1362 1714 Sed
1383 1666 1514 1715 sorte
1533 1668 1603 1716 ita
1655 1686 1659 1695 ·

65 1735 345 1784 libraverat
365 1748 564 1801 corpus,
586 1743 644 1780 ut
663 1749 717 1780 se
736 1731 954 1798 pedibus
973 1735 1243 1798 excipereta
1267 1733 1444 1798 Itaque
1465 1745 1603 1784 stans

65 1802 167 1851 init
185 1814 440 1868 pugnam3
472 1807 522 1848 a
541 1817 606 1848 ne
629 1799 886 1848 circumiri
905 1812 1099 1864 posset,
1139 1801 1338 1849 fortuna
1357 1801 1605 1866 provide-
1634 1864 1645 1868 υ

67 1880 170 1918 rat.
239 1867 449 1918 Vetusta
469 1865 646 1928 arbor,
676 1865 814 1916 haud
834 1867 1016 1931 procul
1035 1883 1215 1928 muro,
1244 1885 1417 1917 ramos
1439 1870 1605 1918 multa

72 1934 260 1983 fronde
278 1937 506 2002 vestitos,
546 1936 688 1982 velut
707 1931 771 1981 de
793 1933 1040 1982 industria
1058 1950 1239 1996 regem
1264 1931 1605 1998 protegentes,

76 2001 357 2049 obiecerat:
393 2001 541 2049 huius
563 2001 786 2066 spatioso
815 2001 972 2064 stipiti
1002 2015 1212 2064 corpus,
1250 2017 1316 2048 ne
1348 2001 1611 2050 circumiri

117 2064 280 2128 osset,
303 2067 566 2132 applicuit3
588 2068 762 2132 clypeo
784 2067 910 2130 tela,
933 2083 1061 2132 quae
1084 2080 1145 2115 ex
1166 2064 1379 2114 adverso
1401 2066 1607 2130 ingere·-

73 2087 288 2193 ἕρπων,
312 2134 582 2199 excipiens.
638 2133 774 2183 Nam
800 2149 920 2181 cum
939 2149 1105 2182 unum
1123 2133 1307 2198 procul
1326 2144 1405 2182 tot
1422 2150 1605 2184 manus

73 2212 324 2268 peterent,
345 2217 498 2248 nemo
519 2211 690 2249 tamen
710 2200 931 2249 audebat
949 2201 1163 2265 propius
1184 2198 1453 2262 accedun-03
1472 2203 1606 2250 mis-

76 2271 190 2319 silia
208 2268 362 2316 ramis
381 2267 555 2332 plura,
597 2284 751 2332 quam
772 2270 950 2334 clypeo
970 2265 1277 2316 incidebant.
1343 2265 1609 2330 Pugnabat

78 2352 175 2402 pro
197 2352 312 2399 rege
333 2335 564 2402 primum
586 2335 826 2383 celebrati
841 2335 1074 2391 nominis
1090 2334 1254 2393 fama3
1284 2333 1479 2382 deinde
1512 2334 1607 2382 dc·-

83 2405 318 2466 speratio.
357 2417 603 2468 magnum
625 2401 692 2450 ad
710 2399 1277 2468 honesteqmorieudum
1307 2400 1609 2449 incitamen—

81 2482 219 2519 tum.
285 2468 388 2517 Sed
409 2484 527 2518 cum
549 2467 765 2517 subinde
783 2467 940 2516 hostis
961 2469 1209 2527 afflueret,
1231 2467 1335 2514 iam
1354 2467 1608 2529 ingentem

82 2537 194 2584 vim
212 2535 434 2584 telorum
465 2545 730 2602 exceperat
751 2536 956 2602 clype03
997 2536 1102 2584 iam·
1119 2537 1323 2598 galeam
1342 2549 1459 2582 saxa
1488 2549 1607 2600 per-

87 2603 366 2664 fregerant3
403 2601 508 2651 iam
530 2603 770 2653 continuo
792 2601 970 2651 labore
989 2603 1159 2666 gravia
1180 2617 1345 2666 genua
1374 2598 1607 2650 succide-
