2084 3009
21 2356 62 2391 ,ι

625 119 972 173 LIBER
1037 122 1143 183 lv,
1457 159 1467 170 .
1574 124 1643 185 5?

105 225 440 295 perfuerant,
482 240 606 273 cum
635 223 780 271 omni
805 238 994 285 mann,
1035 240 1163 287 quae
1194 225 1439 289 fugientes
1474 236 1647 279 secuta

106 305 229 354 erat,
251 302 490 341 assumta
514 294 670 341 etiam
689 288 1058 354 Cappadocum
1077 303 1127 339 et
1146 288 1535 359 Paphlagonum
1559 294 1648 345 iu-

106 371 342 420 ventute,
385 358 611 426 Lydiam
649 374 952 423 recuperare
991 360 1270 409 tentabant.
1341 361 1645 427 Antigonus,

103 423 630 493 praetoraAlexandri
644 461 658 486 ,
679 424 869 492 Lydiae
898 441 1153 489 praeerat:
1192 428 1295 491 qui,
1330 446 1647 494 quamquam

102 496 391 561 plerosque
412 494 646 543 militum
676 510 738 541 ex
765 492 1030 558 praesidiis
1062 492 1131 541 ad
1157 510 1331 557 regem
1361 495 1649 559 dimiserat3

101 574 282 610 tamen
304 560 542 609 barbaris
563 560 760 623 spretis,
781 561 838 607 in
857 560 1022 609 aciem
1041 577 1165 609 suos
1189 561 1379 610 eduxit.
1446 562 1648 614 Eadem

99 628 212 677 illic
233 644 452 691 quoque
471 628 678 675 fortuna
697 626 922 691 partium
941 626 1063 675 suit:
1110 628 1277 677 tribus
1306 629 1515 693 proeliis
1548 631 1647 679 alia

109 709 256 760 utque
271 696 378 743 alia
395 694 606 758 regione
625 695 935 754 commissis,
957 692 1139 743 Persae
1158 693 1463 745 funduntur.
1530 695 1647 746 Eo-

101 765 227 811 dem
257 774 502 827 tempore
535 762 706 811 classis
745 760 1095 809 Macedonum
1129 778 1191 811 ex
1228 760 1441 813 Graecia
1470 765 1643 826 accita,

99 828 514 889 Aristomenem,
535 830 624 893 qui
643 827 710 877 ad
727 828 1055 894 Hellesponti
1076 846 1223 877 oram
1238 830 1646 897 recuperandam
1726 846 1745 856 ⁶

101 916 132 948 a
148 897 314 945 Dario
339 908 450 945 erat
469 898 672 958 missus,
695 896 855 961 captis
877 897 982 944 eius
1002 909 1091 945 aut
1109 898 1293 946 mersis
1313 898 1527 947 navibus
1550 916 1644 949 su·-

139 976 264 1013 erat.
337 960 388 1011 A
437 964 652 1013 Milesiis
701 961 887 1012 deinde
939 960 1300 1013 Pharnabazus
1355 966 1641 1030 praefectus

99 983 341 1080 Persicae
363 1031 542 1079 classis
562 1030 778 1097 pecnnia
797 1042 967 1079 exacta
980 1068 994 1091 ,
1035 1044 1086 1080 et
1102 1030 1357 1099 praesidio
1380 1033 1435 1089 in
1455 1034 1642 1083 urbem

99 1098 301 1149 Chium
321 1097 652 1159 introducto,
673 1109 883 1146 centum
901 1098 1118 1149 navibus
1156 1096 1400 1153 Andrum
1414 1136 1430 1160 ,
1452 1111 1501 1149 et
1519 1099 1642 1151 inde

97 1166 384 1233 Syphnum
403 1166 568 1230 petiit.
635 1165 738 1213 Eas
757 1181 960 1230 quoque
979 1167 1172 1217 insulae
1192 1168 1458 1235 praesidiis
1480 1184 1641 1217 occu·-
1720 1168 1737 1177 “

95 1247 212 1300 pat3
253 1232 479 1299 pecnnia
497 1233 702 1281 multat.
769 1232 1071 1295 Magnitudo
1092 1236 1233 1297 beni,
1254 1235 1395 1301 quod
1416 1235 1479 1283 ab
1504 1251 1642 1301 opu-

96 1300 404 1353 {emissi-mis
425 1298 664 1364 Europae
683 1295 938 1363 Asiaeque
969 1300 1202 1363 regibus,
1241 1302 1295 1349 in
1316 1318 1463 1367 spem
1478 1303 1639 1349 totius

97 1369 240 1418 orbis
265 1366 562 1431 occupandi
581 1366 876 1429 gerebatur,
899 1364 1147 1414 Graeciae
1166 1383 1370 1430 quoque
1392 1378 1442 1414 et
1460 1366 1641 1415 Cretae

98 1452 244 1485 arma
293 1444 664 1483 commoverat.
733 1429 884 1495 Agis,
948 1430 1483 1495 Lacedaemoniorum
1529 1448 1639 1491 rex,

97 1515 216 1551 octo
237 1501 480 1550 millibus
507 1498 856 1560 Graecorum,
893 1499 983 1563 qui
1006 1516 1071 1547 ex
1091 1498 1269 1547 Cilicia
1299 1498 1505 1564 profugi
1540 1496 1642 1545 do·

17 1568 25 1573 ’
97 1587 212 1619 mos
233 1568 566 1633 repetierant,
585 1568 870 1628 contractis,
891 1567 1093 1615 bellum
1104 1563 1378 1631 Antipatro
1390 1563 1645 1614 Macedo·
1713 1564 1729 1579 ⁸

97 1640 213 1686 niae
233 1635 496 1702 praefecto
515 1634 847 1683 moliebatur.
875 1632 1139 1693 Cretenses
1160 1632 1249 1681 has
1272 1645 1360 1685 aut
1380 1634 1495 1683 illas
1515 1650 1640 1699 par-

98 1716 176 1755 tes
197 1704 381 1763 secuti,
402 1719 544 1751 nunc
555 1700 945 1765 Spartanorum,
965 1718 1105 1749 nunc
1117 1699 1465 1750 Macedonum
1484 1718 1639 1766 prae-

99 1772 248 1821 sidiis
283 1770 684 1836 occupabantur.
754 1766 860 1817 Sed
887 1768 1079 1817 leviora
1100 1768 1367 1817 interillos
1390 1768 1531 1817 fuere
1552 1766 1639 1816 di-

98 1837 378 1898 scrimIna3
409 1852 581 1885 unum
599 1845 882 1899 certamen,
919 1852 984 1885 ex
1013 1852 1117 1902 quo
1138 1838 1309 1885 cetera*
1328 1834 1637 1902 pendebant,

96 1908 334 1957 intuente
351 1904 575 1953 fortuna.
1045 1930 1057 1937 ο

237 1969 393 2022 CAP.
429 1970 500 2021 II.
565 1969 679 2019 Iam
696 1980 804 2019 tota
823 1968 997 2038 Syria,
1017 1970 1123 2021 iam
1138 1966 1390 2017 Phoenice
1412 1982 1634 2032 quoque,

98 2051 316 2106 excepta
356 2039 515 2105 Tyro,
568 2036 919 2087 Macedonum
961 2048 1131 2099 erant3
1188 2035 1509 2099 habebatque
1545 2049 1635 2083 rex

101 2119 268 2158 eastra
278 2108 335 2156 in
347 2106 648 2167 continenti,
669 2124 698 2155 a
711 2122 816 2171 quo
837 2104 1032 2153 urbem·
1043 2116 1320 2167 angustum
1340 2102 1531 2151 fretum
1552 2098 1637 2149 di-

99 2177 262 2226 rimit.
335 2173 507 2252 Tyrus
530 2184 582 2223 et
601 2174 851 2234 claritate,
871 2182 922 2220 et
939 2170 1295 2235 magnitudine
1314 2180 1432 2219 ante
1454 2184 1636 2218 omnes

103 2244 257 2292 urbes
280 2241 460 2309 Syriae
484 2237 868 2303 Phoenicesque
885 2237 1237 2286 memorabilis
1251 2273 1264 2300 ,
1316 2236 1515 2287 facilius
1546 2252 1636 2285 so·-

101 2312 338 2359 cietatem
360 2306 640 2357 Alexandri
661 2317 926 2372 acceptura
950 2304 1217 2354 videbatur
1234 2340 1250 2365 ,
1288 2320 1442 2369 quam
1464 2305 1637 2370 impe—

101 2379 257 2427 rinm.
329 2374 594 2425 Coronam
623 2376 776 2439 igitur
797 2389 1006 2425 auream
1023 2372 1179 2437 legati
1217 2370 1415 2421 donum.
1450 2373 1637 2421 affere-

104 2443 258 2508 bant3
300 2454 720 2509 commeatusque
750 2442 890 2505 large
920 2452 972 2491 et
999 2438 1319 2505 hospitaliter
1360 2446 1423 2489 e'x
1443 2432 1635 2505 oppido

107 2512 458 2561 adduxerant·
515 2510 620 2559 ·Ille
642 2508 787 2559 dona
802 2544 815 2571 ,
837 2516 900 2557 ut
921 2504 994 2557 ab
1015 2507 1229 2567 amicis,
1270 2502 1459 2567 accipi
1475 2500 1635 2576 iussift

107 2578 433 2646 benigneque
451 2576 644 2643 legatos
667 2578 948 2645 allocutus,
971 2572 1221 2647 Herenli,
1244 2586 1406 2641 quem
1414 2579 1632 2635 praect-
