2084 3009
1398 40 1423 57 ae

499 197 601 255 205
675 250 682 255 ,
1031 187 1102 255 Q.
1170 181 1498 263 cvn'rn

499 310 668 345 curae
681 292 819 363 sore
841 290 1159 361 pouicetur.
1228 288 1379 338 Aves
1410 304 1521 337 non
1541 283 1615 335 ab
1635 283 1783 345 alio,
1828 304 2045 358 quamn

503 364 738 423 Calene,
758 376 930 427 posse
942 332 1227 471 μην
1242 355 1440 418 adiicit,
1471 355 1723 404 eximiam
1743 355 1863 405 eius
1886 369 2047 405 artem

497 431 711 495 cupiens
742 428 1008 479 ostendere
1072 439 1297 489 namque
1330 422 1461 472 adeo
1493 434 1631 471 certo
1653 423 1763 471 ictu
1787 421 2047 473 destinata

498 495 737 557 feriebat,
757 507 815 544 ut
839 512 954 545 aves
980 509 1185 558 quoque
1206 490 1480 556 exciperet.
1546 490 1695 553 Nam·
1706 490 1805 538 etsi
1827 490 2047 541 forsitan

496 562 772 630 sagittandi
801 575 912 612 tam
940 560 1130 611 celebri
1158 576 1257 609 usu
1302 558 1479 606 minus
1510 555 1840 607 admirabilis
1884 558 2047 609 videri

497 631 624 683 haec
652 648 730 681 ars
759 631 956 698 possit3
995 641 1168 678 tamen
1188 627 1368 689 ingens
1387 624 1671 676 visentibus
1692 626 2040 687 miraculum,

495 715 790 763 magnoque
811 698 996 746 honori
1017 694 1196 745 Cateni
1217 694 1331 741 fuit.
1382 691 1537 740 Dona
1558 690 1746 741 deinde
1773 694 2041 755 omnibus,

498 768 587 832 qui
607 766 817 815 Bessum
837 764 1182 824 adduxerant,
1222 759 1339 808 data
1360 769 1496 807 sunt.
1564 756 1821 807 Ceterum
1841 762 2041 825 suppli-

495 835 638 897 cium
672 832 780 881 eius
811 830 1034 891 distulit,
1080 837 1145 879 ut
1172 842 1235 885 eo
1265 825 1411 887 loco,
1450 824 1511 875 in
1532 842 1639 894 quo
1657 824 1913 877 Darium
1930 829 2041 895 ipse

497 898 796 955 occiderat,
828 904 1144 949 necaretur.

563 964 716 1017 CAP.
749 966 840 1016 Vl.
888 964 1111 1015 'Interea
1139 959 1479 1022 Macedones,
1516 958 1586 1011 ad
1617 960 1923 1027 petendum
1950 982 2037 1029 pa-

497 1037 686 1085 bulum
705 1033 1044 1098 incomposito
1067 1031 1270 1094 agmine
1292 1030 1509 1093 egressi,
1526 1047 1555 1077 a
1574 1028 1819 1080 barbaris
1834 1067 1850 1093 ,
1873 1032 1961 1099 qui
1982 1030 2040 1079 de

496 1102 747 1169 proximis
780 1099 1042 1149 montibus
1072 1098 1432 1157 decurrerunt,
1477 1096 1885 1162 opprimuntur3
1924 1099 2038 1163 plu-

495 1184 682 1234 resque
703 1166 833 1231 capti
853 1176 973 1214 sunt
993 1181 1151 1229 quam
1172 1164 1348 1213 occisi:
1390 1163 1594 1213 barbari
1625 1176 1810 1213 autem
1824 1202 1839 1227 ,
1884 1166 2058 1231 capti-⁴

497 1253 585 1285 vos
621 1250 744 1303 prae
776 1250 830 1281 se
863 1244 1095 1297 agentes,
1133 1248 1311 1281 rursus
1341 1232 1397 1280 in
1425 1241 1665 1281 montem
1694 1244 2038 1282 recesserunt.

498 1318 578 1353 xx
595 1302 762 1350 millia
781 1302 1045 1350 latronum
1066 1309 1226 1348 erant.
1259 1296 1455 1347 Fundis
1486 1299 1790 1363 sagittisque
1812 1316 2037 1366 pugnam

498 1368 766 1422 invadunt.
803 1368 948 1433 Quos
968 1366 1098 1417 dum
1118 1364 1319 1415 obsidet
1336 1382 1454 1427 rex,
1496 1365 1631 1413 inter
1652 1368 2035 1433 promtissimus

501 1438 752 1489 dimicans
782 1436 962 1499 sagitta
992 1436 1124 1484 ictus
1158 1444 1261 1495 est,
1296 1434 1506 1497 quaein
1533 1433 1709 1485 medio
1754 1454 1911 1487 crure
1946 1440 2031 1487 fixa

500 1506 780 1569 reliquerat
797 1503 1070 1569 spiculum.
1138 1500 1294 1550 Illum
1316 1498 1529 1564 quidem
1550 1502 1741 1551 moesti
1763 1515 1819 1553 et
1838 1506 2035 1554 attoniti

499 1570 810 1622 Macedones
851 1571 904 1618 iu
944 1581 1107 1619 castra
1144 1565 1457 1617 referebant:
1516 1568 1609 1618 sed
1649 1586 1749 1619 nec
1788 1571 2035 1623 barbaros

501 1638 685 1689 fefellit
713 1636 994 1687 subductus
1027 1653 1090 1685 ex
1109 1636 1214 1683 acie
1236 1652 1355 1697 rex;
1394 1637 1583 1702 quippe
1608 1652 1673 1685 ex
1692 1636 1835 1687 edito
1860 1652 2035 1689 monte

501 1719 682 1755 cuncta
701 1714 1084 1771 prospexerant.
1104 1702 1280 1766 Itaque
1300 1716 1509 1768 postero
1530 1702 1612 1753 die
1634 1704 1823 1755 misere
1840 1708 2034 1771 legatos

502 1772 569 1821 ad
587 1788 792 1835 regem,
813 1788 944 1836 quos
963 1772 1051 1819 ille
1062 1770 1327 1837 protinus·
1344 1771 1489 1819 iussit
1510 1770 1741 1821 admitti
1745 1792 1773 1829 ,-
1819 1775 2031 1823 solutis-

502 1855 601 1905 que
623 1839 793 1887 fasciis
814 1838 1227 1901 magnitudinem
1254 1839 1479 1887 vulneris
1513 1836 1881 1901 dissimulans,
1922 1858 2031 1890 crus

499 1906 730 1957 barbaris
755 1902 995 1953 ostendit.
1063 1904 1148 1953 Illi
1168 1905 1291 1953 iussi
1313 1904 1592 1955 considere
1613 1906 1903 1971 affirmant,
1925 1924 2033 1957 non

501 1971 872 2031 Macedonum
912 1987 1081 2041 quam
1111 1970 1261 2037 ipsos
1276 1970 1470 2039 fuisse
1503 1974 1786 2024 tristiores
1805 1975 2033 2043 cognito

501 2040 728 2093 vulnere
778 2040 985 2107 ipsius:
1045 2038 1201 2090 cuius
1248 2040 1303 2089 si
1348 2049 1625 2092 auctorem
1674 2042 2034 2108 reperissent,

501 2109 782 2158 dedituros
793 2107 987 2175 fuisse
998 2128 1022 2168 ,·
1062 2124 1183 2158 cum
1208 2107 1337 2158 Diis
1367 2108 1511 2157 enim
1542 2124 1810 2188 pugnare
1846 2111 2033 2159 sacri-

501 2174 661 2244 legos
693 2184 926 2226 tantum.
1001 2173 1254 2225 Ceterum
1288 2192 1349 2225 se
1374 2185 1597 2246 gentem
1628 2193 1688 2227 m
1705 2174 1892 2243 fidem
1932 2177 2033 2228 de·-

502 2241 664 2301 dere,
703 2251 997 2309 superatos
1023 2243 1231 2293 virtute
1257 2242 1425 2293 iliius.
1496 2244 1629 2305 Rex,
1670 2244 1772 2293 fide
1792 2243 1947 2306 data,
1989 2257 2035 2293 et

504 2326 560 2358 ca
599 2310 712 2360 tivis
727 2313 956 2377 receptis,
977 2323 1183 2374 gentem
1199 2312 1253 2359 in
1272 2310 1593 2360 deditionem
1606 2312 1815 2376 accepit.
1836 2310 2033 2361 Castris

502 2328 624 2427 inde
662 2379 819 2427 motis
857 2379 1035 2426 lectica
1074 2379 1287 2429 militari
1324 2378 1605 2438 ferebatur,
1646 2395 1802 2445 quam
1843 2396 1950 2445 pro
1986 2397 2035 2429 se

503 2441 724 2510 quisque
766 2461 918 2509 eques
959 2443 1218 2509 pedesque
1248 2446 1421 2495 subire
1450 2446 1728 2495 certabant.
1794 2443 2033 2511 Equites,

503 2527 626 2559 cum
645 2508 842 2578 quibus
867 2526 969 2558 rex
978 2510 1198 2575 proelia
1218 2509 1357 2561 inire
1378 2510 1572 2561 solitus
1603 2521 1755 2571 erat,
1794 2513 1899 2564 eui
1914 2530 2034 2563 mu-

503 2577 652 2625 neris·
673 2576 734 2625 id
751 2593 872 2627 esse
893 2577 1180 2627 censebant.
1203 2576 1415 2629 Pedites
1437 2590 1636 2641 contra,
1660 2596 1781 2629 cum
1800 2580 2035 2629 saucios

503 2641 891 2693 commilitones
913 2643 1026 2710 ipsi
1035 2655 1269 2713 gestare
1300 2646 1714 2706 adsuevi-seem,-
1756 2646 1913 2713 eripi
1925 2644 2033 2699 sibi

644 2860 658 2882 Ι
