2084 3009
571 113 919 169 mss-a
983 115 1101 169 111.
1287 90 1296 100 ”
1526 122 1592 179 27

71 212 317 267 altaribus
359 214 767 281 praeferebatur..
813 216 952 283 Magi
988 218 1214 285 proximi
1233 218 1461 285 patrium
1483 236 1594 271 car-

73 300 193 335 men
232 282 495 333 canebant.
551 284 733 348 Magos
769 284 989 333 trecenti
1008 296 1059 335 et
1087 288 1344 351 sexaginta
1365 289 1598 353 quinque

71 350 275 399 iuvenes
295 351 639 414 sequebantur
656 385 673 409 ,
704 351 935 414 puniceis
955 351 1190 403 amiculis
1210 355 1378 415 velati,
1413 352 1595 406 diebus

72 417 226 465 totius
264 418 385 465 anni
425 434 573 482 paz-es
612 432 858 477 numero3
910 416 1099 483 quippe
1119 416 1283 471 Persis
1311 436 1517 485 quoque
1542 421 1596 471 in

70 482 288 533 totidem
328 481 439 531 dies
478 481 769 549 descriptus
808 494 885 531 est
904 500 1088 533 annus.
1149 482 1378 536 Currum
1402 484 1590 536 deiude

66 548 175 599 Iovi
214 561 467 599 sacratum
504 551 735 604 albentes
772 548 1023 601 vehebant
1065 552 1208 616 equi:
1259 551 1354 605 hos
1375 550 1590 603 eximiae

70 616 433 680 magnitudinis
454 633 643 687 equus,
687 633 845 682 quem
866 614 1010 666 Solis
1030 618 1374 683 appellabant,
1405 636 1592 683 seque-

68 685 235 733 batur.
270 681 472 732 Aureae
496 684 679 750 virgae,
721 694 771 733 et
790 684 937 734 albae
956 696 1138 747 vestes,
1180 696 1411 749 regentes
1432 702 1591 751 equos

68 749 402 800 adornabant.
422 748 575 810 Haud
592 751 942 821 proculerant
955 749 1190 803 vehicula
1203 749 1398 817 decem,
1417 753 1589 801 multo

68 834 191 867 auro
232 828 541 883 argentoque
581 819 789 870 caelata.
846 816 1174 884 Sequebatur
1190 815 1315 867 haec
1337 820 1589 881 equitatus

68 882 344 933 duodecim
377 886 610 947 gentium
627 886 778 947 variis
801 886 957 935 armis
978 898 1029 935 et
1045 885 1302 938 moribus.
1358 884 1592 935 Proximi

68 952 207 999 ibant
228 968 355 1016 quos
380 950 559 1001 Persae
580 950 925 1001 Immortalee
942 964 1144 1013 vocant,
1179 950 1246 1001 ad
1267 951 1448 1001 decem
1466 952 1594 999 mil-

66 1019 151 1065 lia.
177 1017 377 1067 Cultus
400 1019 692 1084 opulentiae
712 1019 956 1070 barbarae
976 1038 1086 1070 non
1106 1020 1233 1069 alios
1243 1018 1408 1083 magis
1429 1017 1592 1067 hone-

68 1084 253 1133 stabat:
284 1086 365 1133 illi
384 1102 565 1135 aureos
590 1096 810 1150 torques,
832 1086 911 1134 illi
930 1099 1125 1137 vestem
1149 1103 1276 1136 auro
1299 1084 1594 1135 distinctam

70 1150 338 1211 habebant,
370 1152 745 1217 manicatasque
766 1154 983 1215 tunicas,
1016 1154 1234 1219 gemmis
1256 1153 1412 1202 etiam
1431 1150 1592 1202 ador-

70 1228 239 1267 natas.
275 1217 481 1281 Exiguo
522 1219 818 1279 intervallo,
864 1236 993 1282 quos
1028 1227 1300 1331 minato-r
1319 1218 1474 1289 regii·
1493 1236 1592 1286 ap-

72 1284 294 1348 pellant,
338 1281 521 1332 decem
559 1294 610 1332 et
647 1284 875 1347 quinque
909 1285 1076 1335 millia
1143 1286 1397 1334 ominum.
1451 1285 1593 1335 Haec

70 1366 194 1399 vero
214 1349 363 1397 turba
381 1348 708 1398 muliebriter
726 1346 1108 1412 propemodum
1122 1350 1271 1409 culta,
1291 1352 1422 1399 luxu
1430 1352 1592 1415 magis

71 1432 235 1482 quam
256 1414 457 1464 decoris
479 1415 633 1463 armis
655 1414 930 1479 conspicua
948 1426 1072 1463 erat.
1113 1413 1422 1479 Doryphori
1440 1433 1596 1465 voca-

70 1486 264 1534 bantur
300 1482 605 1549 proximum
641 1479 721 1529 his
742 1496 951 1545 agmen,
992 1481 1132 1541 soliti
1151 1492 1347 1529 vestem
1367 1482 1596 1550 excipere

69 1553 318 1615 regalem.
338 1549 405 1597 Hi
432 1564 645 1597 currum
663 1548 797 1611 regis
819 1546 1092 1607 anteibant,
1115 1565 1216 1613 quo
1238 1549 1345 1613 ipse
1367 1549 1596 1598 eminens

69 1618 365 1667 vehebatur.
410 1615 704 1681 Utrumque
726 1631 905 1665 currus
925 1615 1059 1663 latus
1070 1614 1303 1663 Deorum
1321 1615 1598 1665 simulacra

69 1702 137 1734 ex
177 1702 303 1733 auro
342 1694 657 1748 argentoque
676 1698 913 1747 expressa
933 1680 1268 1731 decorabant:
1308 1680 1596 1745 distingue-

70 1752 198 1802 bant
226 1751 576 1799 internitentes
598 1762 830 1813 gemmae
849 1750 1054 1812 iugum3
1094 1764 1157 1797 ex
1175 1764 1278 1812 quo
1302 1749 1596 1798 eminebant

68 1819 177 1868 duo
200 1834 351 1867 aurea
372 1816 647 1864 simulacra
670 1814 926 1876 cubitalia,
967 1830 1190 1879 quorum
1209 1816 1442 1869 alterum‚
1456 1815 1595 1874 Nini,

68 1887 296 1935 alterum
308 1882 415 1931 Beli
436 1882 641 1947 gerebat
664 1882 899 1947 effigiem.
916 1880 1058 1931 Inter
1076 1880 1200 1931 baec
1222 1896 1428 1930 auream
1446 1882 1600 1945 aqui·-
1650 1926 1656 1933 .

70 1955 181 2002 lani
222 1952 406 2017 pinnas
447 1947 741 1999 extendenti
774 1950 1003 1999 similem
1022 1962 1360 1997 sacraverant.
1414 1945 1597 1998 Cultus

70 2020 206 2083 regis
230 2018 369 2079 inter:
384 2016 555 2065 omnia
566 2017 767 2065 luxuria
780 2016 1072 2065 notabatur.
1090 2014 1382 2079 Purpureae
1393 2013 1597 2064 tunica·

69 2084 307 2135 medium
330 2083 509 2131 album
527 2082 780 2133 intextum
800 2097 927 2131 erat:
948 2083 1142 2145 pallam
1161 2096 1286 2128 auro
1305 2078 1597 2129 distinctam

70 2152 216 2202 aurei
240 2150 524 2215 accipitres,
543 2149 685 2198 velut
701 2149 878 2199 rostris
898 2150 1028 2197 inter
1039 2164 1096 2195 se
1107 2156 1418 2207 corruerent,
1439 2144 1598 2195 ador-

71 2218 301 2277 nabant3
343 2228 394 2265 et
432 2232 561 2265 zona
600 2232 751 2265 aurea
785 2214 1110 2265 muliebriter
1129 2213 1323 2261 cinctus
1343 2213 1598 2261 acinacem
1654 2253 1657 2255 .

73 2282 431 2351 suspenderat,
454 2282 536 2329 cui
558 2298 618 2330 ex
638 2299 843 2346 gemma
864 2292 971 2329 erat
987 2279 1184 2342 vagina.
1210 2277 1453 2328 Cidarim
1469 2278 1598 2327 Per-

46 2356 48 2359 ⁴
73 2370 159 2402 sae
200 2352 407 2415 regium
448 2348 621 2413 capitis
660 2349 913 2398 vocabant
953 2346 1176 2409 insigne:
1235 2343 1336 2394 hoc
1366 2346 1598 2395 caerulea

74 2420 237 2469 fascia
258 2418 377 2465 albo
400 2414 636 2464 distincta
656 2414 973 2465 circumibat.
994 2411 1220 2463 Currum
1239 2411 1418 2463 decem
1435 2410 1600 2460 millia

74 2487 403 2535 hastatorum
438 2483 805 2545 sequebantur:
855 2479 1021 2530 hastas
1062 2490 1269 2543 argento
1307 2486 1572 2527 exornatas
1585 2506 1619 2536 ,-

76 2552 277 2620 spicula
300 2565 425 2600 auro
443 2548 663 2615 praelixa
670 2547 953 2617 gestabant.
970 2546 1165 2596 Dextra
1175 2546 1416 2608 laevaque
1427 2556 1597 2605 regem
