2084 3009
470 170 595 232 286·
728 231 732 236 ‚
800 207 808 213 ,
998 166 1066 231 Q.
1133 161 1175 214 C
1191 163 1242 214 V
1265 165 1310 214 R
1330 163 1376 217 T
1400 159 1471 213 11
1515 166 1518 168 ’

469 279 601 317 rant.
666 266 843 333 Itaque
865 267 1170 316 contemtim
1191 277 1240 315 et
1267 267 1470 317 incaute
1483 301 1498 328 ,
1537 265 1625 329 qui
1644 267 1876 332 proximi
1897 274 1995 316 stei

469 345 657 394 terant,
696 331 1041 401 incurrerunt:
1084 353 1111 383 e
1131 334 1318 399 quibus
1339 333 1468 385 duos
1487 333 1656 397 gladio
1687 334 1756 382 ita
1787 333 2004 402 excepit,

470 414 525 451 ut
544 413 657 450 ante
678 403 848 467 ipsum
869 403 1128 451 exanimes
1149 399 1569 467 procumberent.
1628 399 1737 450 Nec
1758 402 2000 466 cuiquam
2061 452 2076 460 ,

466 468 653 518 deinde
672 471 885 535 propius
909 469 1196 520 incessendi
1216 486 1338 518 eum
1357 468 1556 527 animus
1578 467 1698 517 fuit:
1719 470 1911 534 procul
1929 469 2000 517 ia-

468 537 578 584 cula
600 538 907 602 sagittasque
926 536 1216 586 mittebant.
1247 550 1250 552 ’
1275 535 1372 602 Ille
1393 533 1459 584 ad
1480 537 1654 584 omnes
1680 535 1810 584 ictus
1834 553 1999 602 expo-
2074 599 2075 602 Ἴ

464 605 587 653 situs
600 637 617 664 ‚
640 620 788 668 aegre
809 606 915 652 iam
933 616 1206 670 exceptum
1222 604 1503 670 poplitibus
1527 620 1708 668 corpus
1727 603 2002 666 tuebatur-3
2073 603 2075 624 ἶ

464 668 805 725 donea-Indus
827 671 1052 720 duorum
1073 671 1366 720 cubitorum
1383 670 1620 736 sagittam
1639 667 1893 734 (namque
1909 670 2001 718 In-

460 735 565 800 dis,
607 734 683 790 ut‘
704 749 849 786 antea
889 736 1144 798 diximus,
1183 737 1334 786 huius
1373 737 1740 801 magnitudinis
1780 739 2000 802 sagittae

460 806 625 866 erant)
652 805 721 855 ita
742 805 975 864 excussit,
1005 819 1064 854 ut
1083 821 1175 870 per
1194 805 1456 853 thoracem
1475 806 1714 872 paullum
1734 821 1892 870 super
1911 807 1999 856 la-
2073 859 2075 874 Ι

459 883 537 920 tus
558 871 799 922 dextrum
818 873 1127 935 infigeretur.
1171 871 1288 951 Q}¹⁰
1310 871 1521 919 vulnere
1543 873 1755 920 afflictus
1768 909 1782 934 ,
1809 889 1998 936 magna

460 940 507 988 vi
528 941 783 1003 sanguinis
806 940 1084 1002 emicante,
1123 937 1320 988 remisit
1339 953 1481 985 arma
1501 937 1818 988 moribundo
1842 939 1997 988 simi-
2073 949 2076 964 ·

457 1007 521 1056 lis
535 1043 549 1068 ,
570 1005 801 1072 adeoque
820 1009 1092 1068 resolutus,
1113 1017 1173 1054 ut
1191 1003 1256 1054 n'e
1276 1003 1342 1052 ad
1360 1004 1659 1053 vellendum
1679 1005 1994 1070 quidemte-

458 1073 571 1121 hun
593 1076 846 1123 sufficeret
866 1072 1062 1121 dextra.
1081 1073 1258 1136 Itaque
1281 1070 1346 1118 ad
1367 1071 1762 1136 exspoliandum
1785 1091 1990 1139 corpus,

456 1141 545 1204 qui
562 1141 914 1189 vulneraverat
932 1136 1100 1186 alacer
1117 1138 1302 1202 gaudio
1325 1139 1559 1187 accurrit.
1600 1139 1772 1204 Quem
1795 1152 1856 1188 ut
1875 1141 1968 1189 inii

454 1222 567 1254 cere
598 1206 803 1270 corpori
822 1223 917 1254 suo
940 1221 1124 1254 manus
1147 1206 1328 1266 sensit,
1349 1203 1504 1254 credo
1519 1241 1533 1266 ‚
1563 1207 1738 1254 ultimi
1759 1205 1992 1256 dedeco-

454 1274 520 1322 ris
541 1272 841 1337 indignitate
874 1284 1204 1333 commotus,
1239 1273 1560 1346 linquente'm
1590 1271 1848 1323 revocavit
1877 1276 1992 1322 ani-

453 1357 631 1404 mum,
654 1352 704 1390 et
722 1339 927 1396 nudum
944 1340 1104 1400 hostis
1121 1343 1256 1388 latus
1278 1339 1506 1389 subiecto
1527 1346 1778 1388 mucrone
1801 1339 1994 1391 hausit.

454 1406 689 1458 Iacebant
716 1410 849 1465 circa
871 1425 1048 1474 regem
1069 1409 1166 1458 tria
1187 1425 1400 1472 corpora
1413 1441 1430 1465 ,
1459 1407 1642 1472 procul
1662 1409 1990 1472 stupentibus

454 1478 657 1526 ceteris:
678 1478 766 1526 ille
788 1488 860 1538 ut,
882 1475 1156 1540 antequam
1174 1475 1388 1524 ultimus
1408 1473 1613 1538 spiritus
1629 1473 1882 1538 deficeret,
1904 1476 1992 1524 di—

453 1545 646 1594 micans
666 1545 771 1592 iam
792 1545 1226 1606 exstingueretur,
1258 1542 1440 1606 clypeo
1461 1557 1513 1589 se
1537 1541 1754 1591 allevare
1776 1556 1992 1592 conatus

454 1621 545 1670 est3
558 1622 609 1660 et
618 1623 895 1675 postquam
906 1608 971 1658 ad
982 1607 1354 1665 connitendum
1367 1605 1494 1675 nibil
1504 1620 1768 1673 supererat
1779 1609 1988 1673 virium,

453 1675 630 1728 dextra
648 1673 1003 1743 impendentes
1034 1691 1206 1724 ramos
1229 1675 1527 1738 complexus
1549 1675 1776 1724 tentabat
1809 1693 1988 1726 assur-

450 1759 587 1806 gere.
607 1743 713 1794 Sed
732 1751 797 1794 ne
820 1746 891 1793 sic
912 1743 1128 1809 quidem
1147 1753 1332 1809 potens
1353 1743 1597 1806 corporis,
1617 1759 1795 1792 rursus
1815 1744 1871 1792 in
1891 1761 1984 1810 ge-

450 1826 551 1858 nua
569 1810 894 1874 procumbit3
920 1829 1082 1860 mann
1102 1817 1386 1876 provocans
1407 1808 1580 1858 hostes
1593 1845 1608 1872 ,
1650 1810 1692 1858 si
1713 1810 1828 1875 quis
1853 1829 1985 1860 con-

450 1875 595 1942 gredi
630 1875 856 1924 auderet.
924 1875 1164 1926 Tandem
1200 1875 1468 1924 Peucestas
1489 1894 1584 1941 per
1613 1877 1768 1927 aliam
1802 1877 1986 1945 oppidi

450 1956 649 2010 partem
669 1941 1450 2008 deturbatis,propugnatoribus
1470 1945 1608 1992 muri
1627 1945 1983 2013 vestigia-per-

440 2028 665 2076 :sequens
684 2009 794 2074 regi
822 2010 1132 2075 supervenit.
1202 2009 1322 2075 Quo
1359 2021 1633 2076 conspecto
1661 2006 1982 2075 Alexander,

448 2081 555 2128 iam
564 2096 679 2128 non
698 2079 828 2128 vitae
851 2095 971 2128 suae
985 2112 999 2139 ‚
1040 2076 1133 2126 sed
1151 2077 1334 2126 mortis
1356 2077 1603 2126 solatium
1623 2083 1982 2144 supervenisse

447 2157 615 2206 ratus,
636 2148 815 2213 clypeo
836 2146 1106 2209 fatigatum
1125 2162 1308 2209 corpus
1329 2146 1540 2209 excepit.
1566 2143 1719 2194 Subit
1735 2146 1860 2196 inde
1883 2149 1984 2198 Ti·-

448 2229 651 2262 maeust
690 2227 741 2264 et
760 2214 937 2279 paullo
956 2225 1074 2278 post
1091 2212 1416 2262 Leonnatus:
1453 2211 1572 2260 huic
1590 2208 1866 2264 Aristonus
1888 2231 1983 2264 su-

448 2283 697 2346 pervenit.
762 2281 882 2331 Indi
902 2298 1132 2346 quoque,
1153 2297 1274 2329 cum
1294 2281 1426 2328 intra
1445 2279 1648 2328 moenia
1667 2296 1850 2344 regem
1871 2299 1986 2332 esse

450 2351 845 2414 comperissent,
884 2350 1100 2406 omissis,
1111 2348 1290 2400 ceteris
1310 2347 1437 2395 illuc
1457 2361 1854 2416 concurrerunt,
1888 2367 1985 2399 ur-

448 2418 733 2482 gebantque
750 2423 1095 2482 protegentes.
1161 2413 1241 2462 Ex
1272 2415 1458 2480 quihus
1487 2411 1732 2464 Timaeus
1742 2451 1757 2476 ,
1798 2418 1986 2468 multis

447 2483 661 2534 adverso
682 2500 895 2548 corpore
913 2481 1212 2530 vulneribus
1231 2483 1452 2547 acceptis
1465 2517 1480 2542 ‚
1519 2483 1822 2548 egregiaque
1845 2485 1984 2538 edita

444 2563 629 2612 pugna,
652 2549 856 2600 cecidit:
877 2548 1144 2598 Peucestes
1165 2566 1370 2613 quoque
1391 2549 1552 2610 tribus
1573 2549 1751 2598 iaculis
1769 2552 1984 2600 confos-

439 2627 531 2673 sus
550 2633 659 2666 non
678 2633 733 2666 se
752 2628 925 2668 tamen
946 2625 1118 2678 scuto,
1139 2615 1232 2668 sed
1251 2633 1426 2682 regem
1444 2615 1706 2671 tuebatur:
1727 2615 1982 2670 Leonna-
