2084 3009
781 65 803 74 q

435 244 437 250 ,
481 191 809 245 sVPPL.1N
830 193 897 258 Q.
922 171 1239 245 CVRTIVM
1258 194 1320 245 L.
1339 195 1409 245 11.
1609 199 1714 260 427

172 291 443 363 praesidio
481 295 767 344 tenebatur.
830 293 1007 358 Itaque
1051 294 1350 346 diuturnam
1391 295 1718 348 obsidionem

172 365 289 414 fore
311 361 621 420 coniectanS,
646 370 1014 421 commeatum,
1047 370 1105 412 et
1124 363 1431 422 machinas,
1477 379 1621 430 quae
1643 364 1718 416 ad

176 429 659 498 oppugnationem
673 429 1048 495 pertinerent,
1089 430 1324 480 navibus
1351 447 1412 480 eo
1434 430 1720 497 deportari

176 497 357 545 iubet:
401 497 507 560 ipse
530 513 649 544 cum
668 496 895 561 pedestri
920 498 1144 544 exercitu
1166 500 1342 562 quinto
1377 499 1440 546 ab
1461 498 1589 546 urbe
1611 511 1720 546 sta-

177 562 269 612 dio
295 574 459 623 castra
482 563 789 611 communit.
838 562 1042 612 Deinde
1081 581 1282 615 muros-
1301 565 1542 614 adortum
1581 565 1720 614 iuxta

174 641 406 696 portam,
429 647 527 694 qua
548 631 769 694 Mylasea
788 630 885 677 iter
911 642 1011 692 est,
1034 631 1317 695 improvisa
1339 631 1719 697 oppidanorum

179 697 388 760 eruptio
412 698 633 762 excepit:
680 696 771 744 sed
789 695 1158 744 Macedonibus
1178 700 1378 746 fortiter
1399 700 1719 747 conserenti-
1779 717 1782 721 ·

176 764 281 812 bus
302 780 538 825 manum,
581 760 890 828 quibusdam
912 778 1128 810 suorum
1149 765 1346 812 amissis
1366 758 1504 812 baud
1526 781 1717 828 magno

174 832 397 894 negotio
418 832 591 878 reiecti
613 839 747 878 sunt.
803 827 957 876 Pauci
978 828 1163 878 deinde
1186 831 1294 880 dies
1315 832 1718 893 intercesserant,

177 914 308 946 cum
328 894 624 945 Alexander
644 895 840 944 obiecta
864 913 955 961 spe
975 895 1347 962 Myndensium
1387 897 1582 963 oppido
1622 915 1718 962 per

174 962 539 1032 proditionem
582 961 835 1027 potiundi,
874 973 1027 1010 nocte
1069 964 1372 1028 intempesta
1414 981 1534 1011 cum
1571 977 1716 1029 parte

180 1032 457 1096 copiarum
474 1031 825 1096 proficiscitur.
884 1027 989 1077 Sed
1018 1029 1144 1077 nihil
1180 1047 1440 1096 quoquam
1459 1043 1714 1092 movente,

181 1098 395 1148 admota
418 1099 553 1161 gravi
574 1108 832 1146 armatura
862 1112 1075 1144 murum
1103 1097 1293 1146 suffodi
1331 1099 1576 1163 imperat:
1615 1115 1716 1147 ne·-

181 1183 287 1231 que
321 1166 459 1212 enim
478 1167 655 1213 scalas
689 1175 775 1212 aut
802 1161 1062 1212 machinas
1097 1167 1346 1224 attulerat,
1391 1182 1510 1214 cum
1543 1183 1708 1231 oppu-

179 1231 379 1298 gnandi
400 1228 611 1280 consilio
632 1232 817 1280 urbem
836 1249 939 1278 non
964 1233 1264 1282 accessisset.
1297 1233 1367 1280 Et
1387 1233 1462 1280 illi
1487 1233 1714 1297 quidem,

179 1317 286 1348 una
305 1300 528 1347 turrium
552 1298 761 1360 deiecta,
782 1297 1103 1362 nihilztamen
1123 1311 1432 1364 aperuerunt
1451 1300 1568 1359 loci,
1607 1316 1714 1362 quo

179 1367 320 1416 intra
338 1377 748 1432 perrumperent.
802 1363 1103 1413 Nam'forte
1133 1367 1201 1414 ita
1230 1364 1518 1430 prociderat
1544 1367 1710 1427 turris,

180 1445 244 1483 ut
264 1449 421 1498 quam
442 1449 715 1482 murorum
732 1444 931 1496 partem
942 1443 1077 1479 stans
1087 1441 1391 1496 protexerat,
1412 1447 1518 1478 non
1539 1431 1712 1480 minus

182 1503 336 1550 ruina
374 1503 585 1564 sepiret:
614 1501 861 1562 -civesque
891 1515 1092 1547 summa
1117 1515 1214 1564 ope
1233 1498 1549 1557 resistebant,
1580 1507 1630 1545 et
1649 1497 1714 1547 ab

190 1561 722 1612 Halicarnassensibus
744 1561 1132 1627 adiuvabautur‚
1155 1581 1298 1628 quos,
1325 1581 1384 1612 au
1393 1563 1498 1612 dito
1519 1561 1710 1611 vicinae

194 1631 410 1680 civitatis
432 1630 679 1696 periculo,
701 1630 961 1678 maritimo
983 1633 1165 1681 itinere
1185 1631 1432 1679 Memnon
1455 1628 1711 1678 submise-

190 1707 290 1746 rat.
342 1695 421 1744 Ita
444 1706 650 1742 conatus
671 1694 1016 1746 Macedonum
1036 1700 1208 1746 irritus
1229 1698 1342 1746 fuit.
1393 1693 1710 1754 Alexander,

190 1763 261 1812 ad
282 1761 607 1811 obsidionem
626 1758 964 1812 Halicarnassi
983 1770 1243 1826 reversus,
1275 1776 1387 1812 ante
1411 1763 1582 1812 omnia
1601 1761 1700 1810 fos-

192 1847 325 1890 sam,
347 1829 550 1890 tr'r‘ginta
568 1831 789 1878 maxime
812 1831 1007 1879 cubitos
1028 1833 1202 1892 latam,
1224 1832 1380 1880 altam
1400 1829 1713 1894 quindecim.

197 1913 357 1960 quam
376 1894 543 1944 hostes
564 1912 657 1961 pro
678 1897 805 1946 urbe
823 1896 1091 1960 duxerant,
1107 1901 1414 1964 expleturus,
1429 1911 1530 1946 tres
1548 1907 1715 1943 testu-
1739 1917 1744 1924 ·

200 1963 347 2015 dines
362 1973 582 2027 apparat,
598 1963 781 2026 quibus
830 1973 1050 2013 rotectus
1063 1967 1211 2012 miles
1224 1967 1490 2012 materiam
1501 1973 1714 2009 terram-

200 2046 303 2094 que
323 2030 429 2077 sine
452 2045 582 2076 noxa
612 1983 925 2092 congeJeret.
965 2028 1194 2094 Aequata
1213 2031 1364 2090 fossa,
1399 2037 1581 2076 turres·
1599 2041 1715 2077 ma-

200 2095 512 2166 chinasque,
527 2093 731 2162 quibus·-
744 2098 884 2145 muri
903 2105 1241 2152 sternuntur,
1255 2091 1535 2144 admoveri
1552 2093 1714 2146 iussit.

198 2162 413 2227 Iamque
435 2174 588 2228 strata
605 2163 935 2211 moeniorum
954 2175 1113 2226 parte,
1135 2179 1235 2226 qua
1253 2163 1428 2210 ruinae
1443 2162 1577 2210 viam
1591 2175 1716 2224 ape-

200 2229 417 2291 riebant,
432 2230 484 2276 in
494 2231 677 2278 urbem
689 2241 951 2291 penetrare
963 2231 1277 2290 nitebantur3
1291 2227 1382 2284 sed
1394 2227 1580 2287 hostes,
1594 2241 1716 2274 cum

147 2295 159 2312 ‘
188 2298 271 2346 ob
282 2295 670 2346 multitudinem
682 2296 864 2356 integri
878 2294 1093 2344 subinde
1107 2295 1247 2343 fessis
1259 2295 1600 2352 succederent,
1615 2292 1716 2352 dip-

202 2381 420 2428 cumque
446 2358 731 2428 praesentia
750 2361 814 2409 ad
840 2362 1011 2409 omnia
1030 2361 1266 2409 audenda
1283 2363 1716 2420 confirmarentur,

202 2443 405 2491 strenue
416 2429 784 2494 repugnabant·
796 2427 933 2475 Luce
946 2443 1037 2491 per
1047 2428 1182 2476 varia
1195 2429 1468 2476 certamina
1481 2442 1714 2473 consum-

202 2511 268 2558 ta,
293 2515 414 2546 cum
434 2495 621 2544 diurno
636 2496 811 2544 labore
825 2495 1054 2558 fatigatos
1065 2493 1236 2541 hostes
1249 2493 1496 2548 Memnon
1512 2489 1716 2554 segnius

204 2562 459 2614 custodias
483 2577 629 2625 agere
651 2561 892 2622 cre-leret,
914 2577 1033 2609 cum
1051 2558 1220 2609 valida
1239 2576 1396 2611 manu
1421 2559 1718 2624 prorumpit

209 2630 420 2700 oppid0,
441 2631 715 2695 ignemque
734 2628 971 2694 operibus
992 2626 1169 2681 injicit.
1221 2625 1329 2678 Sed.
1343 2624 1714 2680 Macedonibus
