<?xml version="1.0" encoding="UTF-8"?>
<!DOCTYPE html PUBLIC "-//W3C//DTD XHTML 1.0 Transitional//EN"
    "http://www.w3.org/TR/xhtml1/DTD/xhtml1-transitional.dtd">
<html xmlns="http://www.w3.org/1999/xhtml" xml:lang="en" lang="en">
 <head>
  <title>
</title>
<meta http-equiv="Content-Type" content="text/html;charset=utf-8" />
  <meta name='ocr-system' content='tesseract 3.04.00' />
  <meta name='ocr-capabilities' content='ocr_page ocr_carea ocr_par ocr_line ocrx_word'/>
</head>
<body>
  <div class='ocr_page' id='page_1' title='image "./qcurtiirufihist00freigoog_0292.png"; bbox 0 0 2084 3009; ppageno 0'>
   <div class='ocr_carea' id='block_1_1' title="bbox 669 171 1627 242">
    <p class='ocr_par' dir='ltr' id='par_1_1' title="bbox 669 171 1627 242">
     <span class='ocr_line' id='line_1_1' title="bbox 669 171 1627 242; baseline 0 -18"><span class='ocrx_word' id='word_1_1' title='bbox 669 172 952 224; x_wconf 73' lang='lat' dir='ltr'><strong>LtssER</strong></span> <span class='ocrx_word' id='word_1_2' title='bbox 1016 171 1120 224; x_wconf 77' lang='lat' dir='ltr'><strong>lx.</strong></span> <span class='ocrx_word' id='word_1_3' title='bbox 1394 219 1401 228; x_wconf 91' lang='grc'><em>,</em></span> <span class='ocrx_word' id='word_1_4' title='bbox 1530 186 1627 242; x_wconf 77' lang='lat'><strong>287</strong></span> 
     </span>
    </p>
   </div>
   <div class='ocr_carea' id='block_1_2' title="bbox 88 273 1655 1478">
    <p class='ocr_par' dir='ltr' id='par_1_2' title="bbox 88 273 1655 1478">
     <span class='ocr_line' id='line_1_2' title="bbox 110 273 1633 338; baseline 0.004 -11"><span class='ocrx_word' id='word_1_5' title='bbox 110 291 194 328; x_wconf 89' lang='lat' dir='ltr'><strong>tus</strong></span> <span class='ocrx_word' id='word_1_6' title='bbox 207 313 222 338; x_wconf 92' lang='lat'><strong>,</strong></span> <span class='ocrx_word' id='word_1_7' title='bbox 264 275 392 326; x_wconf 84' lang='lat' dir='ltr'><strong>dum</strong></span> <span class='ocrx_word' id='word_1_8' title='bbox 421 273 564 325; x_wconf 83' lang='lat' dir='ltr'><strong>avide</strong></span> <span class='ocrx_word' id='word_1_9' title='bbox 588 285 790 324; x_wconf 84' lang='lat' dir='ltr'><strong>ruentes</strong></span> <span class='ocrx_word' id='word_1_10' title='bbox 827 274 1071 324; x_wconf 84' lang='lat' dir='ltr'><strong>barbaros</strong></span> <span class='ocrx_word' id='word_1_11' title='bbox 1110 275 1404 338; x_wconf 81' lang='lat' dir='ltr'><strong>submovet,</strong></span> <span class='ocrx_word' id='word_1_12' title='bbox 1442 285 1633 332; x_wconf 83' lang='lat' dir='ltr'><strong>cervice</strong></span> 
     </span>
     <span class='ocr_line' id='line_1_3' title="bbox 105 341 1653 410; baseline 0.005 -19"><span class='ocrx_word' id='word_1_13' title='bbox 105 345 332 408; x_wconf 79' lang='lat' dir='ltr'><strong>graviter</strong></span> <span class='ocrx_word' id='word_1_14' title='bbox 351 344 446 392; x_wconf 85' lang='lat' dir='ltr'><strong>icta</strong></span> <span class='ocrx_word' id='word_1_15' title='bbox 475 342 788 392; x_wconf 85' lang='lat' dir='ltr'><strong>semianimis</strong></span> <span class='ocrx_word' id='word_1_16' title='bbox 825 341 1102 408; x_wconf 82' lang='lat' dir='ltr'><strong>procubuit</strong></span> <span class='ocrx_word' id='word_1_17' title='bbox 1138 352 1253 390; x_wconf 88' lang='lat' dir='ltr'><strong>ante</strong></span> <span class='ocrx_word' id='word_1_18' title='bbox 1290 345 1423 408; x_wconf 82' lang='lat' dir='ltr'><strong>regis</strong></span> <span class='ocrx_word' id='word_1_19' title='bbox 1461 347 1653 410; x_wconf 64' lang='lat' dir='ltr'><strong>pedes.</strong></span> 
     </span>
     <span class='ocr_line' id='line_1_4' title="bbox 104 407 1637 481; baseline 0.001 -22"><span class='ocrx_word' id='word_1_20' title='bbox 104 411 222 460; x_wconf 85' lang='lat' dir='ltr'><strong>Iam</strong></span> <span class='ocrx_word' id='word_1_21' title='bbox 242 422 294 459; x_wconf 91' lang='lat' dir='ltr'><strong>et</strong></span> <span class='ocrx_word' id='word_1_22' title='bbox 311 409 575 458; x_wconf 86' lang='lat' dir='ltr'><strong>Peucestas</strong></span> <span class='ocrx_word' id='word_1_23' title='bbox 595 408 890 458; x_wconf 82' lang='lat' dir='ltr'><strong>vulneribus</strong></span> <span class='ocrx_word' id='word_1_24' title='bbox 921 407 1157 472; x_wconf 85' lang='lat' dir='ltr'><strong>fatigatus</strong></span> <span class='ocrx_word' id='word_1_25' title='bbox 1188 409 1493 461; x_wconf 81' lang='lat' dir='ltr'><strong>submiserat</strong></span> <span class='ocrx_word' id='word_1_26' title='bbox 1524 415 1637 481; x_wconf 72' lang='lat' dir='ltr'><strong>cly-</strong></span> 
     </span>
     <span class='ocr_line' id='line_1_5' title="bbox 101 473 1635 544; baseline 0.002 -18"><span class='ocrx_word' id='word_1_27' title='bbox 101 493 290 544; x_wconf 81' lang='lat' dir='ltr'><strong>peum:</strong></span> <span class='ocrx_word' id='word_1_28' title='bbox 312 478 365 526; x_wconf 88' lang='lat' dir='ltr'><strong>in</strong></span> <span class='ocrx_word' id='word_1_29' title='bbox 383 473 627 526; x_wconf 84' lang='lat' dir='ltr'><strong>Aristono</strong></span> <span class='ocrx_word' id='word_1_30' title='bbox 649 492 764 540; x_wconf 86' lang='lat' dir='ltr'><strong>spes</strong></span> <span class='ocrx_word' id='word_1_31' title='bbox 783 475 968 525; x_wconf 86' lang='lat' dir='ltr'><strong>ultima</strong></span> <span class='ocrx_word' id='word_1_32' title='bbox 987 475 1245 524; x_wconf 78' lang='lat' dir='ltr'><strong>haerebat.</strong></span> <span class='ocrx_word' id='word_1_33' title='bbox 1312 475 1409 525; x_wconf 87' lang='lat' dir='ltr'><strong>Hic</strong></span> <span class='ocrx_word' id='word_1_34' title='bbox 1430 495 1635 544; x_wconf 86' lang='lat' dir='ltr'><strong>quoque</strong></span> 
     </span>
     <span class='ocr_line' id='line_1_6' title="bbox 100 542 1634 608; baseline 0.002 -16"><span class='ocrx_word' id='word_1_35' title='bbox 100 546 326 608; x_wconf 84' lang='lat' dir='ltr'><strong>graviter</strong></span> <span class='ocrx_word' id='word_1_36' title='bbox 365 544 566 594; x_wconf 88' lang='lat' dir='ltr'><strong>sancius</strong></span> <span class='ocrx_word' id='word_1_37' title='bbox 595 553 792 590; x_wconf 86' lang='lat' dir='ltr'><strong>tantam</strong></span> <span class='ocrx_word' id='word_1_38' title='bbox 827 542 934 591; x_wconf 83' lang='lat' dir='ltr'><strong>vim</strong></span> <span class='ocrx_word' id='word_1_39' title='bbox 964 542 1193 590; x_wconf 90' lang='lat' dir='ltr'><strong>hostium</strong></span> <span class='ocrx_word' id='word_1_40' title='bbox 1220 543 1354 592; x_wconf 88' lang='lat' dir='ltr'><strong>ultra</strong></span> <span class='ocrx_word' id='word_1_41' title='bbox 1382 545 1634 596; x_wconf 85' lang='lat' dir='ltr'><strong>sustinere</strong></span> 
     </span>
     <span class='ocr_line' id='line_1_7' title="bbox 99 607 1636 678; baseline 0.001 -20"><span class='ocrx_word' id='word_1_42' title='bbox 99 628 212 660; x_wconf 86' lang='lat' dir='ltr'><strong>non</strong></span> <span class='ocrx_word' id='word_1_43' title='bbox 233 621 467 676; x_wconf 78' lang='lat' dir='ltr'><strong>poterat.</strong></span> <span class='ocrx_word' id='word_1_44' title='bbox 481 609 621 657; x_wconf 84' lang='lat' dir='ltr'><strong>Inter</strong></span> <span class='ocrx_word' id='word_1_45' title='bbox 639 608 762 658; x_wconf 86' lang='lat' dir='ltr'><strong>haec</strong></span> <span class='ocrx_word' id='word_1_46' title='bbox 781 607 848 656; x_wconf 85' lang='lat' dir='ltr'><strong>ad</strong></span> <span class='ocrx_word' id='word_1_47' title='bbox 866 607 1173 658; x_wconf 85' lang='lat' dir='ltr'><strong>Macedonas</strong></span> <span class='ocrx_word' id='word_1_48' title='bbox 1194 625 1385 678; x_wconf 80' lang='lat' dir='ltr'><strong>regem</strong></span> <span class='ocrx_word' id='word_1_49' title='bbox 1404 611 1636 668; x_wconf 64' lang='lat' dir='ltr'><strong>‚cecidis-</strong></span> 
     </span>
     <span class='ocr_line' id='line_1_8' title="bbox 97 675 1635 742; baseline 0.003 -16"><span class='ocrx_word' id='word_1_50' title='bbox 97 693 163 726; x_wconf 68' lang='lat' dir='ltr'><strong>se</strong></span> <span class='ocrx_word' id='word_1_51' title='bbox 189 678 329 726; x_wconf 82' lang='lat' dir='ltr'><strong>fama</strong></span> <span class='ocrx_word' id='word_1_52' title='bbox 347 678 542 742; x_wconf 86' lang='lat' dir='ltr'><strong>perlata</strong></span> <span class='ocrx_word' id='word_1_53' title='bbox 563 687 653 724; x_wconf 85' lang='lat' dir='ltr'><strong>est.</strong></span> <span class='ocrx_word' id='word_1_54' title='bbox 723 675 1010 739; x_wconf 79' lang='lat' dir='ltr'><strong>Terruisset</strong></span> <span class='ocrx_word' id='word_1_55' title='bbox 1029 676 1155 724; x_wconf 85' lang='lat' dir='ltr'><strong>alios</strong></span> <span class='ocrx_word' id='word_1_56' title='bbox 1172 713 1185 737; x_wconf 95' lang='lat'><strong>,</strong></span> <span class='ocrx_word' id='word_1_57' title='bbox 1228 677 1373 741; x_wconf 90' lang='lat' dir='ltr'><strong>quod.</strong></span> <span class='ocrx_word' id='word_1_58' title='bbox 1401 680 1519 728; x_wconf 89' lang='lat' dir='ltr'><strong>illos</strong></span> <span class='ocrx_word' id='word_1_59' title='bbox 1550 681 1635 731; x_wconf 74' lang='lat' dir='ltr'><strong>iu·-</strong></span> 
     </span>
     <span class='ocr_line' id='line_1_9' title="bbox 97 743 1630 809; baseline 0.002 -17"><span class='ocrx_word' id='word_1_60' title='bbox 97 745 292 794; x_wconf 76' lang='lat' dir='ltr'><strong>citav-it.</strong></span> <span class='ocrx_word' id='word_1_61' title='bbox 348 745 585 809; x_wconf 84' lang='lat' dir='ltr'><strong>Namque</strong></span> <span class='ocrx_word' id='word_1_62' title='bbox 604 743 820 808; x_wconf 86' lang='lat' dir='ltr'><strong>periculi</strong></span> <span class='ocrx_word' id='word_1_63' title='bbox 842 743 1010 791; x_wconf 88' lang='lat' dir='ltr'><strong>omnis</strong></span> <span class='ocrx_word' id='word_1_64' title='bbox 1039 744 1375 798; x_wconf 81' lang='lat' dir='ltr'><strong>immemores</strong></span> <span class='ocrx_word' id='word_1_65' title='bbox 1406 745 1630 796; x_wconf 77' lang='lat' dir='ltr'><strong>dolabris</strong></span> 
     </span>
     <span class='ocr_line' id='line_1_10' title="bbox 91 807 1632 878; baseline 0.002 -19"><span class='ocrx_word' id='word_1_66' title='bbox 91 811 390 878; x_wconf 66' lang='lat' dir='ltr'><strong>perfregere</strong></span> <span class='ocrx_word' id='word_1_67' title='bbox 409 807 648 872; x_wconf 78' lang='lat' dir='ltr'><strong>murum3</strong></span> <span class='ocrx_word' id='word_1_68' title='bbox 689 822 739 860; x_wconf 88' lang='lat' dir='ltr'><strong>et</strong></span> <span class='ocrx_word' id='word_1_69' title='bbox 757 827 858 874; x_wconf 87' lang='lat' dir='ltr'><strong>qua</strong></span> <span class='ocrx_word' id='word_1_70' title='bbox 877 808 1044 860; x_wconf 85' lang='lat' dir='ltr'><strong>moliti</strong></span> <span class='ocrx_word' id='word_1_71' title='bbox 1064 821 1207 860; x_wconf 87' lang='lat' dir='ltr'><strong>erant</strong></span> <span class='ocrx_word' id='word_1_72' title='bbox 1226 809 1449 874; x_wconf 86' lang='lat' dir='ltr'><strong>aditum,</strong></span> <span class='ocrx_word' id='word_1_73' title='bbox 1495 813 1632 862; x_wconf 86' lang='lat' dir='ltr'><strong>irru-</strong></span> 
     </span>
     <span class='ocr_line' id='line_1_11' title="bbox 91 876 1655 944; baseline 0.002 -18"><span class='ocrx_word' id='word_1_74' title='bbox 91 893 220 944; x_wconf 85' lang='lat' dir='ltr'><strong>pere</strong></span> <span class='ocrx_word' id='word_1_75' title='bbox 241 879 297 927; x_wconf 84' lang='lat' dir='ltr'><strong>in</strong></span> <span class='ocrx_word' id='word_1_76' title='bbox 315 878 502 928; x_wconf 88' lang='lat' dir='ltr'><strong>urbem</strong></span> <span class='ocrx_word' id='word_1_77' title='bbox 515 915 529 940; x_wconf 87' lang='lat'><strong>,</strong></span> <span class='ocrx_word' id='word_1_78' title='bbox 550 876 807 944; x_wconf 83' lang='lat' dir='ltr'><strong>Indosque</strong></span> <span class='ocrx_word' id='word_1_79' title='bbox 825 879 1002 943; x_wconf 81' lang='lat' dir='ltr'><strong>plures</strong></span> <span class='ocrx_word' id='word_1_80' title='bbox 1023 877 1299 941; x_wconf 82' lang='lat' dir='ltr'><strong>fugientes,</strong></span> <span class='ocrx_word' id='word_1_81' title='bbox 1323 895 1480 941; x_wconf 82' lang='lat' dir='ltr'><strong>quam</strong></span> <span class='ocrx_word' id='word_1_82' title='bbox 1500 896 1655 936; x_wconf 78' lang='lat' dir='ltr'><strong>con-.,</strong></span> 
     </span>
     <span class='ocr_line' id='line_1_12' title="bbox 89 944 1629 1011; baseline 0.001 -20"><span class='ocrx_word' id='word_1_83' title='bbox 89 944 244 1011; x_wconf 76' lang='lat' dir='ltr'><strong>gredi</strong></span> <span class='ocrx_word' id='word_1_84' title='bbox 263 961 414 993; x_wconf 84' lang='lat' dir='ltr'><strong>ausos</strong></span> <span class='ocrx_word' id='word_1_85' title='bbox 427 981 442 1006; x_wconf 98' lang='lat'><strong>,</strong></span> <span class='ocrx_word' id='word_1_86' title='bbox 483 944 789 994; x_wconf 88' lang='lat' dir='ltr'><strong>ceciderunt.</strong></span> <span class='ocrx_word' id='word_1_87' title='bbox 856 945 976 992; x_wconf 88' lang='lat' dir='ltr'><strong>Non</strong></span> <span class='ocrx_word' id='word_1_88' title='bbox 1005 944 1215 992; x_wconf 79' lang='lat' dir='ltr'><strong>senibus</strong></span> <span class='ocrx_word' id='word_1_89' title='bbox 1229 978 1243 1003; x_wconf 91' lang='lat'><strong>,</strong></span> <span class='ocrx_word' id='word_1_90' title='bbox 1284 960 1391 992; x_wconf 88' lang='lat' dir='ltr'><strong>non</strong></span> <span class='ocrx_word' id='word_1_91' title='bbox 1409 945 1629 1006; x_wconf 82' lang='lat' dir='ltr'><strong>feminis,</strong></span> 
     </span>
     <span class='ocr_line' id='line_1_13' title="bbox 89 1011 1629 1078; baseline 0.001 -18"><span class='ocrx_word' id='word_1_92' title='bbox 89 1029 203 1060; x_wconf 87' lang='lat' dir='ltr'><strong>non</strong></span> <span class='ocrx_word' id='word_1_93' title='bbox 223 1011 500 1062; x_wconf 82' lang='lat' dir='ltr'><strong>infantibus</strong></span> <span class='ocrx_word' id='word_1_94' title='bbox 521 1013 770 1078; x_wconf 86' lang='lat' dir='ltr'><strong>parcitur:</strong></span> <span class='ocrx_word' id='word_1_95' title='bbox 811 1013 1042 1076; x_wconf 77' lang='lat' dir='ltr'><strong>quisquis</strong></span> <span class='ocrx_word' id='word_1_96' title='bbox 1078 1021 1395 1069; x_wconf 75' lang='lat' dir='ltr'><strong>occurrerat,</strong></span> <span class='ocrx_word' id='word_1_97' title='bbox 1440 1012 1505 1060; x_wconf 90' lang='lat' dir='ltr'><strong>ab</strong></span> <span class='ocrx_word' id='word_1_98' title='bbox 1534 1013 1629 1061; x_wconf 86' lang='lat' dir='ltr'><strong>illo</strong></span> 
     </span>
     <span class='ocr_line' id='line_1_14' title="bbox 89 1074 1629 1144; baseline 0.001 -17"><span class='ocrx_word' id='word_1_99' title='bbox 89 1079 428 1130; x_wconf 73' lang='lat' dir='ltr'><strong>vulneratum</strong></span> <span class='ocrx_word' id='word_1_100' title='bbox 446 1096 620 1144; x_wconf 85' lang='lat' dir='ltr'><strong>regem</strong></span> <span class='ocrx_word' id='word_1_101' title='bbox 642 1095 752 1127; x_wconf 80' lang='lat' dir='ltr'><strong>esse</strong></span> <span class='ocrx_word' id='word_1_102' title='bbox 776 1077 1067 1128; x_wconf 71' lang='lat' dir='ltr'><strong>credebant»</strong></span> <span class='ocrx_word' id='word_1_103' title='bbox 1106 1074 1444 1142; x_wconf 78' lang='lat' dir='ltr'><strong>Tandemque</strong></span> <span class='ocrx_word' id='word_1_104' title='bbox 1464 1078 1629 1126; x_wconf 80' lang='lat' dir='ltr'><strong>inter-</strong></span> 
     </span>
     <span class='ocr_line' id='line_1_15' title="bbox 89 1142 1628 1213; baseline 0.003 -21"><span class='ocrx_word' id='word_1_105' title='bbox 89 1146 310 1194; x_wconf 88' lang='lat' dir='ltr'><strong>necione</strong></span> <span class='ocrx_word' id='word_1_106' title='bbox 330 1146 560 1196; x_wconf 83' lang='lat' dir='ltr'><strong>hosti-um</strong></span> <span class='ocrx_word' id='word_1_107' title='bbox 589 1147 750 1194; x_wconf 88' lang='lat' dir='ltr'><strong>iustae</strong></span> <span class='ocrx_word' id='word_1_108' title='bbox 781 1147 882 1195; x_wconf 82' lang='lat' dir='ltr'><strong>irae</strong></span> <span class='ocrx_word' id='word_1_109' title='bbox 911 1151 1233 1213; x_wconf 76' lang='lat' dir='ltr'><strong>parentatum</strong></span> <span class='ocrx_word' id='word_1_110' title='bbox 1271 1155 1364 1192; x_wconf 79' lang='lat' dir='ltr'><strong>est·</strong></span> <span class='ocrx_word' id='word_1_111' title='bbox 1428 1142 1628 1194; x_wconf 78' lang='lat' dir='ltr'><strong>Ptole-</strong></span> 
     </span>
     <span class='ocr_line' id='line_1_16' title="bbox 92 1205 1627 1279; baseline 0.001 -20"><span class='ocrx_word' id='word_1_112' title='bbox 92 1227 326 1268; x_wconf 75' lang='lat' dir='ltr'><strong>maetam,</strong></span> <span class='ocrx_word' id='word_1_113' title='bbox 350 1211 449 1277; x_wconf 82' lang='lat' dir='ltr'><strong>qui</strong></span> <span class='ocrx_word' id='word_1_114' title='bbox 457 1220 662 1276; x_wconf 74' lang='lat' dir='ltr'><strong>postea</strong></span> <span class='ocrx_word' id='word_1_115' title='bbox 679 1208 955 1272; x_wconf 73' lang='lat' dir='ltr'><strong>regnavit,</strong></span> <span class='ocrx_word' id='word_1_116' title='bbox 967 1205 1094 1256; x_wconf 79' lang='lat' dir='ltr'><strong>huic</strong></span> <span class='ocrx_word' id='word_1_117' title='bbox 1098 1224 1333 1276; x_wconf 79' lang='lat' dir='ltr'><strong>pugnae</strong></span> <span class='ocrx_word' id='word_1_118' title='bbox 1346 1210 1627 1279; x_wconf 73' lang='lat' dir='ltr'><strong>adfuisse,</strong></span> 
     </span>
     <span class='ocr_line' id='line_1_17' title="bbox 92 1272 1628 1340; baseline 0 -16"><span class='ocrx_word' id='word_1_119' title='bbox 92 1286 280 1324; x_wconf 85' lang='lat' dir='ltr'><strong>auctor</strong></span> <span class='ocrx_word' id='word_1_120' title='bbox 298 1288 374 1324; x_wconf 89' lang='lat' dir='ltr'><strong>est</strong></span> <span class='ocrx_word' id='word_1_121' title='bbox 391 1276 672 1324; x_wconf 81' lang='lat' dir='ltr'><strong>Clitarchus</strong></span> <span class='ocrx_word' id='word_1_122' title='bbox 685 1307 699 1332; x_wconf 94' lang='lat'>‚</span> <span class='ocrx_word' id='word_1_123' title='bbox 721 1286 771 1319; x_wconf 90' lang='lat' dir='ltr'><strong>et</strong></span> <span class='ocrx_word' id='word_1_124' title='bbox 790 1272 1115 1335; x_wconf 72' lang='lat' dir='ltr'><strong>Timagenes.</strong></span> <span class='ocrx_word' id='word_1_125' title='bbox 1148 1275 1253 1322; x_wconf 86' lang='lat' dir='ltr'><strong>Sed</strong></span> <span class='ocrx_word' id='word_1_126' title='bbox 1274 1277 1383 1340; x_wconf 76' lang='lat' dir='ltr'><strong>ipse</strong></span> <span class='ocrx_word' id='word_1_127' title='bbox 1393 1311 1412 1337; x_wconf 85' lang='lat'><strong>,</strong></span> <span class='ocrx_word' id='word_1_128' title='bbox 1434 1281 1628 1338; x_wconf 76' lang='lat' dir='ltr'><strong>scilicet</strong></span> 
     </span>
     <span class='ocr_line' id='line_1_18' title="bbox 91 1337 1629 1407; baseline 0.003 -17"><span class='ocrx_word' id='word_1_129' title='bbox 91 1341 292 1407; x_wconf 86' lang='lat' dir='ltr'><strong>gloriae</strong></span> <span class='ocrx_word' id='word_1_130' title='bbox 314 1357 434 1389; x_wconf 86' lang='lat' dir='ltr'><strong>suae</strong></span> <span class='ocrx_word' id='word_1_131' title='bbox 453 1357 560 1388; x_wconf 90' lang='lat' dir='ltr'><strong>non</strong></span> <span class='ocrx_word' id='word_1_132' title='bbox 579 1339 856 1401; x_wconf 79' lang='lat' dir='ltr'><strong>refragatus</strong></span> <span class='ocrx_word' id='word_1_133' title='bbox 869 1373 883 1397; x_wconf 91' lang='lat'>‚</span> <span class='ocrx_word' id='word_1_134' title='bbox 906 1337 1181 1404; x_wconf 75' lang='lat' dir='ltr'><strong>abfuisse,</strong></span> <span class='ocrx_word' id='word_1_135' title='bbox 1203 1341 1423 1390; x_wconf 74' lang='lat' dir='ltr'><strong>missum</strong></span> <span class='ocrx_word' id='word_1_136' title='bbox 1443 1345 1502 1392; x_wconf 85' lang='lat' dir='ltr'><strong>in</strong></span> <span class='ocrx_word' id='word_1_137' title='bbox 1524 1361 1629 1394; x_wconf 79' lang='lat' dir='ltr'><strong>ex-</strong></span> 
     </span>
     <span class='ocr_line' id='line_1_19' title="bbox 88 1401 1628 1478; baseline 0.001 -21"><span class='ocrx_word' id='word_1_138' title='bbox 88 1407 446 1478; x_wconf 68' lang='lat' dir='ltr'><strong>peditionem,</strong></span> <span class='ocrx_word' id='word_1_139' title='bbox 460 1403 742 1454; x_wconf 82' lang='lat' dir='ltr'><strong>memoriae</strong></span> <span class='ocrx_word' id='word_1_140' title='bbox 762 1401 986 1451; x_wconf 77' lang='lat' dir='ltr'><strong>tradidit.</strong></span> <span class='ocrx_word' id='word_1_141' title='bbox 1015 1403 1181 1451; x_wconf 78' lang='lat' dir='ltr'><strong>Tanta</strong></span> <span class='ocrx_word' id='word_1_142' title='bbox 1201 1411 1628 1472; x_wconf 78' lang='lat' dir='ltr'><strong>componentium</strong></span> 
     </span>
    </p>
   </div>
   <div class='ocr_carea' id='block_1_3' title="bbox 39 1470 1631 1674">
    <p class='ocr_par' dir='ltr' id='par_1_3' title="bbox 39 1470 1631 1674">
     <span class='ocr_line' id='line_1_20' title="bbox 39 1470 1631 1538; baseline -0.003 -17"><span class='ocrx_word' id='word_1_143' title='bbox 39 1518 41 1521; x_wconf 78' lang='grc'>,</span> <span class='ocrx_word' id='word_1_144' title='bbox 89 1487 292 1526; x_wconf 81' lang='lat' dir='ltr'><strong>vetusta</strong></span> <span class='ocrx_word' id='word_1_145' title='bbox 307 1491 485 1524; x_wconf 85' lang='lat' dir='ltr'><strong>rerum</strong></span> <span class='ocrx_word' id='word_1_146' title='bbox 505 1481 857 1531; x_wconf 86' lang='lat' dir='ltr'><strong>monumenta,</strong></span> <span class='ocrx_word' id='word_1_147' title='bbox 877 1471 958 1519; x_wconf 86' lang='lat' dir='ltr'><strong>vel</strong></span> <span class='ocrx_word' id='word_1_148' title='bbox 977 1470 1219 1520; x_wconf 79' lang='lat' dir='ltr'><strong>securitas</strong></span> <span class='ocrx_word' id='word_1_149' title='bbox 1232 1506 1245 1531; x_wconf 97' lang='lat'><strong>,</strong></span> <span class='ocrx_word' id='word_1_150' title='bbox 1284 1474 1368 1522; x_wconf 79' lang='lat' dir='ltr'><strong>vel</strong></span> <span class='ocrx_word' id='word_1_151' title='bbox 1397 1492 1489 1538; x_wconf 76' lang='lat' dir='ltr'><strong>par</strong></span> <span class='ocrx_word' id='word_1_152' title='bbox 1510 1474 1631 1524; x_wconf 70' lang='lat' dir='ltr'><strong>huic</strong></span> 
     </span>
     <span class='ocr_line' id='line_1_21' title="bbox 39 1536 1625 1602; baseline -0.001 -11"><span class='ocrx_word' id='word_1_153' title='bbox 39 1598 41 1601; x_wconf 13' lang='lat' dir='ltr'>y</span> <span class='ocrx_word' id='word_1_154' title='bbox 93 1543 278 1592; x_wconf 85' lang='lat' dir='ltr'><strong>vitium</strong></span> <span class='ocrx_word' id='word_1_155' title='bbox 292 1578 306 1602; x_wconf 91' lang='lat'>‚</span> <span class='ocrx_word' id='word_1_156' title='bbox 344 1540 618 1590; x_wconf 82' lang='lat' dir='ltr'><strong>credulitas</strong></span> <span class='ocrx_word' id='word_1_157' title='bbox 651 1537 769 1587; x_wconf 86' lang='lat' dir='ltr'><strong>suit!</strong></span> <span class='ocrx_word' id='word_1_158' title='bbox 808 1536 945 1600; x_wconf 85' lang='lat' dir='ltr'><strong>Rege</strong></span> <span class='ocrx_word' id='word_1_159' title='bbox 967 1537 1020 1584; x_wconf 90' lang='lat' dir='ltr'><strong>in</strong></span> <span class='ocrx_word' id='word_1_160' title='bbox 1038 1537 1427 1589; x_wconf 81' lang='lat' dir='ltr'><strong>tabernaculum</strong></span> <span class='ocrx_word' id='word_1_161' title='bbox 1447 1543 1625 1602; x_wconf 89' lang='lat' dir='ltr'><strong>relato,</strong></span> 
     </span>
     <span class='ocr_line' id='line_1_22' title="bbox 39 1603 1627 1674; baseline -0.001 -17"><span class='ocrx_word' id='word_1_162' title='bbox 39 1650 41 1657; x_wconf 80' lang='grc'>,</span> <span class='ocrx_word' id='word_1_163' title='bbox 93 1609 286 1658; x_wconf 79' lang='lat' dir='ltr'><strong>medici</strong></span> <span class='ocrx_word' id='word_1_164' title='bbox 305 1609 508 1674; x_wconf 87' lang='lat' dir='ltr'><strong>lignum</strong></span> <span class='ocrx_word' id='word_1_165' title='bbox 525 1607 696 1656; x_wconf 83' lang='lat' dir='ltr'><strong>hastae</strong></span> <span class='ocrx_word' id='word_1_166' title='bbox 718 1605 921 1670; x_wconf 86' lang='lat' dir='ltr'><strong>corpori</strong></span> <span class='ocrx_word' id='word_1_167' title='bbox 941 1603 1169 1664; x_wconf 84' lang='lat' dir='ltr'><strong>infixum,</strong></span> <span class='ocrx_word' id='word_1_168' title='bbox 1194 1605 1263 1653; x_wconf 89' lang='lat' dir='ltr'><strong>ita</strong></span> <span class='ocrx_word' id='word_1_169' title='bbox 1284 1623 1348 1655; x_wconf 91' lang='lat' dir='ltr'><strong>ne</strong></span> <span class='ocrx_word' id='word_1_170' title='bbox 1369 1609 1627 1672; x_wconf 85' lang='lat' dir='ltr'><strong>spiculum</strong></span> 
     </span>
    </p>
   </div>
   <div class='ocr_carea' id='block_1_4' title="bbox 92 1669 1626 1736">
    <p class='ocr_par' dir='ltr' id='par_1_4' title="bbox 92 1669 1626 1736">
     <span class='ocr_line' id='line_1_23' title="bbox 92 1669 1626 1736; baseline -0.002 -11"><span class='ocrx_word' id='word_1_171' title='bbox 92 1687 406 1734; x_wconf 83' lang='lat' dir='ltr'><strong>moveretur,</strong></span> <span class='ocrx_word' id='word_1_172' title='bbox 418 1674 739 1726; x_wconf 88' lang='lat' dir='ltr'><strong>abscindunt.</strong></span> <span class='ocrx_word' id='word_1_173' title='bbox 779 1670 1008 1736; x_wconf 85' lang='lat' dir='ltr'><strong>Corpore</strong></span> <span class='ocrx_word' id='word_1_174' title='bbox 1031 1669 1217 1721; x_wconf 87' lang='lat' dir='ltr'><strong>deinde</strong></span> <span class='ocrx_word' id='word_1_175' title='bbox 1238 1671 1431 1722; x_wconf 81' lang='lat' dir='ltr'><strong>nudato</strong></span> <span class='ocrx_word' id='word_1_176' title='bbox 1449 1676 1626 1728; x_wconf 81' lang='lat' dir='ltr'><strong>anim-</strong></span> 
     </span>
    </p>
   </div>
   <div class='ocr_carea' id='block_1_5' title="bbox 39 1738 1625 1872">
    <p class='ocr_par' dir='ltr' id='par_1_5' title="bbox 39 1738 1625 1872">
     <span class='ocr_line' id='line_1_24' title="bbox 39 1738 1625 1807; baseline -0.006 -15"><span class='ocrx_word' id='word_1_177' title='bbox 39 1794 41 1801; x_wconf 74' lang='grc'><strong>,</strong></span> <span class='ocrx_word' id='word_1_178' title='bbox 93 1741 367 1792; x_wconf 86' lang='lat' dir='ltr'><strong>advertunt</strong></span> <span class='ocrx_word' id='word_1_179' title='bbox 394 1740 574 1789; x_wconf 78' lang='lat' dir='ltr'><strong>hamos</strong></span> <span class='ocrx_word' id='word_1_180' title='bbox 615 1741 779 1788; x_wconf 88' lang='lat' dir='ltr'><strong>inesse</strong></span> <span class='ocrx_word' id='word_1_181' title='bbox 818 1740 952 1800; x_wconf 87' lang='lat' dir='ltr'><strong>telo;</strong></span> <span class='ocrx_word' id='word_1_182' title='bbox 985 1753 1082 1786; x_wconf 90' lang='lat' dir='ltr'><strong>nec</strong></span> <span class='ocrx_word' id='word_1_183' title='bbox 1125 1739 1268 1788; x_wconf 87' lang='lat' dir='ltr'><strong>aliter</strong></span> <span class='ocrx_word' id='word_1_184' title='bbox 1287 1738 1341 1788; x_wconf 88' lang='lat' dir='ltr'><strong>id</strong></span> <span class='ocrx_word' id='word_1_185' title='bbox 1362 1741 1471 1792; x_wconf 81' lang='lat' dir='ltr'><strong>sine</strong></span> <span class='ocrx_word' id='word_1_186' title='bbox 1498 1760 1625 1807; x_wconf 73' lang='lat' dir='ltr'><strong>per-</strong></span> 
     </span>
     <span class='ocr_line' id='line_1_25' title="bbox 39 1806 1623 1872; baseline 0 -14"><span class='ocrx_word' id='word_1_187' title='bbox 39 1806 43 1823; x_wconf 80' lang='lat'>&#39;</span> <span class='ocrx_word' id='word_1_188' title='bbox 93 1808 227 1859; x_wconf 79' lang='lat' dir='ltr'><strong>nicie</strong></span> <span class='ocrx_word' id='word_1_189' title='bbox 251 1809 479 1872; x_wconf 84' lang='lat' dir='ltr'><strong>corporis</strong></span> <span class='ocrx_word' id='word_1_190' title='bbox 501 1806 697 1856; x_wconf 80' lang='lat' dir='ltr'><strong>extrahi</strong></span> <span class='ocrx_word' id='word_1_191' title='bbox 717 1822 898 1871; x_wconf 84' lang='lat' dir='ltr'><strong>posse,</strong></span> <span class='ocrx_word' id='word_1_192' title='bbox 939 1821 1097 1869; x_wconf 86' lang='lat' dir='ltr'><strong>quam</strong></span> <span class='ocrx_word' id='word_1_193' title='bbox 1114 1817 1171 1854; x_wconf 91' lang='lat' dir='ltr'><strong>ut</strong></span> <span class='ocrx_word' id='word_1_194' title='bbox 1190 1806 1409 1856; x_wconf 85' lang='lat' dir='ltr'><strong>secando</strong></span> <span class='ocrx_word' id='word_1_195' title='bbox 1434 1811 1623 1863; x_wconf 77' lang='lat' dir='ltr'><strong>vulnus</strong></span> 
     </span>
    </p>
   </div>
   <div class='ocr_carea' id='block_1_6' title="bbox 91 1873 1625 2006">
    <p class='ocr_par' dir='ltr' id='par_1_6' title="bbox 91 1873 1625 2006">
     <span class='ocr_line' id='line_1_26' title="bbox 91 1873 1622 1939; baseline 0.001 -15"><span class='ocrx_word' id='word_1_196' title='bbox 91 1886 350 1938; x_wconf 80' lang='lat' dir='ltr'><strong>augerent.</strong></span> <span class='ocrx_word' id='word_1_197' title='bbox 420 1873 664 1924; x_wconf 87' lang='lat' dir='ltr'><strong>Ceterum</strong></span> <span class='ocrx_word' id='word_1_198' title='bbox 683 1891 750 1922; x_wconf 92' lang='lat' dir='ltr'><strong>ne</strong></span> <span class='ocrx_word' id='word_1_199' title='bbox 767 1885 994 1937; x_wconf 82' lang='lat' dir='ltr'><strong>secantes</strong></span> <span class='ocrx_word' id='word_1_200' title='bbox 1020 1875 1334 1938; x_wconf 83' lang='lat' dir='ltr'><strong>profluvium</strong></span> <span class='ocrx_word' id='word_1_201' title='bbox 1363 1877 1622 1939; x_wconf 74' lang='lat' dir='ltr'><strong>sanguinis</strong></span> 
     </span>
     <span class='ocr_line' id='line_1_27' title="bbox 91 1941 1625 2006; baseline 0.001 -15"><span class='ocrx_word' id='word_1_202' title='bbox 91 1953 362 2006; x_wconf 81' lang='lat' dir='ltr'><strong>occuparet</strong></span> <span class='ocrx_word' id='word_1_203' title='bbox 375 1977 390 2002; x_wconf 91' lang='lat'><strong>,</strong></span> <span class='ocrx_word' id='word_1_204' title='bbox 418 1942 751 2002; x_wconf 79' lang='lat' dir='ltr'><strong>verebantur3</strong></span> <span class='ocrx_word' id='word_1_205' title='bbox 791 1941 979 2004; x_wconf 85' lang='lat' dir='ltr'><strong>quippe</strong></span> <span class='ocrx_word' id='word_1_206' title='bbox 1000 1941 1177 2002; x_wconf 88' lang='lat' dir='ltr'><strong>ingens</strong></span> <span class='ocrx_word' id='word_1_207' title='bbox 1198 1943 1363 1990; x_wconf 86' lang='lat' dir='ltr'><strong>telum</strong></span> <span class='ocrx_word' id='word_1_208' title='bbox 1382 1941 1625 1992; x_wconf 84' lang='lat' dir='ltr'><strong>adactum</strong></span> 
     </span>
    </p>
   </div>
   <div class='ocr_carea' id='block_1_7' title="bbox 39 2005 1620 2138">
    <p class='ocr_par' dir='ltr' id='par_1_7' title="bbox 39 2005 1620 2138">
     <span class='ocr_line' id='line_1_28' title="bbox 39 2005 1619 2075; baseline 0.001 -19"><span class='ocrx_word' id='word_1_209' title='bbox 39 2058 41 2075; x_wconf 40' lang='grc' dir='ltr'>ἰ</span> <span class='ocrx_word' id='word_1_210' title='bbox 92 2018 227 2068; x_wconf 89' lang='lat' dir='ltr'><strong>erat,</strong></span> <span class='ocrx_word' id='word_1_211' title='bbox 267 2017 318 2054; x_wconf 89' lang='lat' dir='ltr'><strong>et</strong></span> <span class='ocrx_word' id='word_1_212' title='bbox 333 2021 618 2070; x_wconf 82' lang='lat' dir='ltr'><strong>penetrasse</strong></span> <span class='ocrx_word' id='word_1_213' title='bbox 649 2009 704 2056; x_wconf 85' lang='lat' dir='ltr'><strong>in</strong></span> <span class='ocrx_word' id='word_1_214' title='bbox 731 2007 924 2056; x_wconf 77' lang='lat' dir='ltr'><strong>viscera</strong></span> <span class='ocrx_word' id='word_1_215' title='bbox 952 2005 1237 2056; x_wconf 80' lang='lat' dir='ltr'><strong>videbatur.</strong></span> <span class='ocrx_word' id='word_1_216' title='bbox 1270 2015 1277 2022; x_wconf 84' lang='lat'><strong><em>‘</em></strong></span> <span class='ocrx_word' id='word_1_217' title='bbox 1305 2007 1619 2070; x_wconf 85' lang='lat' dir='ltr'><strong>Critobulus,</strong></span> 
     </span>
     <span class='ocr_line' id='line_1_29' title="bbox 39 2071 1620 2138; baseline 0 -14"><span class='ocrx_word' id='word_1_218' title='bbox 39 2082 41 2089; x_wconf 82' lang='lat'><em>&#39;</em></span> <span class='ocrx_word' id='word_1_219' title='bbox 91 2076 227 2124; x_wconf 83' lang='lat' dir='ltr'><strong>inter</strong></span> <span class='ocrx_word' id='word_1_220' title='bbox 245 2072 474 2122; x_wconf 84' lang='lat' dir='ltr'><strong>medicos</strong></span> <span class='ocrx_word' id='word_1_221' title='bbox 495 2075 614 2122; x_wconf 85' lang='lat' dir='ltr'><strong>artis</strong></span> <span class='ocrx_word' id='word_1_222' title='bbox 635 2074 850 2122; x_wconf 84' lang='lat' dir='ltr'><strong>eximiae</strong></span> <span class='ocrx_word' id='word_1_223' title='bbox 863 2107 877 2132; x_wconf 87' lang='lat'><strong>,</strong></span> <span class='ocrx_word' id='word_1_224' title='bbox 897 2071 990 2120; x_wconf 90' lang='lat' dir='ltr'><strong>sed</strong></span> <span class='ocrx_word' id='word_1_225' title='bbox 1010 2072 1065 2118; x_wconf 91' lang='lat' dir='ltr'><strong>in</strong></span> <span class='ocrx_word' id='word_1_226' title='bbox 1083 2081 1223 2120; x_wconf 84' lang='lat' dir='ltr'><strong>tanto</strong></span> <span class='ocrx_word' id='word_1_227' title='bbox 1260 2075 1489 2138; x_wconf 88' lang='lat' dir='ltr'><strong>periculo</strong></span> <span class='ocrx_word' id='word_1_228' title='bbox 1511 2086 1620 2124; x_wconf 86' lang='lat' dir='ltr'><strong>ter-</strong></span> 
     </span>
    </p>
   </div>
   <div class='ocr_carea' id='block_1_8' title="bbox 37 2132 1621 2208">
    <p class='ocr_par' dir='ltr' id='par_1_8' title="bbox 37 2132 1621 2208">
     <span class='ocr_line' id='line_1_30' title="bbox 37 2132 1621 2208; baseline 0.002 -20"><span class='ocrx_word' id='word_1_229' title='bbox 37 2132 41 2159; x_wconf 64' lang='lat'><strong>²</strong></span> <span class='ocrx_word' id='word_1_230' title='bbox 91 2141 250 2202; x_wconf 87' lang='lat' dir='ltr'><strong>ritus,</strong></span> <span class='ocrx_word' id='word_1_231' title='bbox 287 2156 472 2189; x_wconf 83' lang='lat' dir='ltr'><strong>manus</strong></span> <span class='ocrx_word' id='word_1_232' title='bbox 489 2138 762 2189; x_wconf 80' lang='lat' dir='ltr'><strong>admovere</strong></span> <span class='ocrx_word' id='word_1_233' title='bbox 790 2137 1079 2197; x_wconf 86' lang='lat' dir='ltr'><strong>metuebat,</strong></span> <span class='ocrx_word' id='word_1_234' title='bbox 1118 2155 1183 2186; x_wconf 88' lang='lat' dir='ltr'><strong>ne</strong></span> <span class='ocrx_word' id='word_1_235' title='bbox 1206 2139 1260 2198; x_wconf 75' lang='lat' dir='ltr'><strong>in</strong></span> <span class='ocrx_word' id='word_1_236' title='bbox 1279 2141 1438 2204; x_wconf 78' lang='lat' dir='ltr'><strong>ipsius</strong></span> <span class='ocrx_word' id='word_1_237' title='bbox 1469 2155 1621 2208; x_wconf 88' lang='lat' dir='ltr'><strong>caput</strong></span> 
     </span>
    </p>
   </div>
   <div class='ocr_carea' id='block_1_9' title="bbox 37 2202 1625 2522">
    <p class='ocr_par' dir='ltr' id='par_1_9' title="bbox 37 2202 1625 2522">
     <span class='ocr_line' id='line_1_31' title="bbox 37 2202 1619 2275; baseline 0.001 -19"><span class='ocrx_word' id='word_1_238' title='bbox 37 2214 40 2223; x_wconf 92' lang='lat'>&#39;</span> <span class='ocrx_word' id='word_1_239' title='bbox 91 2223 278 2275; x_wconf 82' lang='lat' dir='ltr'><strong>parum</strong></span> <span class='ocrx_word' id='word_1_240' title='bbox 295 2223 570 2272; x_wconf 84' lang='lat' dir='ltr'><strong>prosperae</strong></span> <span class='ocrx_word' id='word_1_241' title='bbox 593 2206 863 2255; x_wconf 84' lang='lat' dir='ltr'><strong>curationis</strong></span> <span class='ocrx_word' id='word_1_242' title='bbox 884 2202 1134 2253; x_wconf 85' lang='lat' dir='ltr'><strong>recideret</strong></span> <span class='ocrx_word' id='word_1_243' title='bbox 1152 2217 1377 2255; x_wconf 85' lang='lat' dir='ltr'><strong>eventus.</strong></span> <span class='ocrx_word' id='word_1_244' title='bbox 1438 2209 1619 2257; x_wconf 67' lang='lat' dir='ltr'><strong>Lacri-</strong></span> 
     </span>
     <span class='ocr_line' id='line_1_32' title="bbox 39 2271 1618 2343; baseline 0.001 -22"><span class='ocrx_word' id='word_1_245' title='bbox 39 2288 42 2293; x_wconf 92' lang='lat'>·</span> <span class='ocrx_word' id='word_1_246' title='bbox 92 2285 325 2325; x_wconf 84' lang='lat' dir='ltr'><strong>mantem</strong></span> <span class='ocrx_word' id='word_1_247' title='bbox 345 2291 465 2325; x_wconf 86' lang='lat' dir='ltr'><strong>eum</strong></span> <span class='ocrx_word' id='word_1_248' title='bbox 485 2289 543 2322; x_wconf 85' lang='lat' dir='ltr'><strong>ac</strong></span> <span class='ocrx_word' id='word_1_249' title='bbox 561 2284 892 2332; x_wconf 86' lang='lat' dir='ltr'><strong>metuentem,</strong></span> <span class='ocrx_word' id='word_1_250' title='bbox 914 2282 962 2319; x_wconf 91' lang='lat' dir='ltr'><strong>et</strong></span> <span class='ocrx_word' id='word_1_251' title='bbox 973 2271 1315 2320; x_wconf 85' lang='lat' dir='ltr'><strong>sollicitudine</strong></span> <span class='ocrx_word' id='word_1_252' title='bbox 1334 2280 1618 2343; x_wconf 82' lang='lat' dir='ltr'><strong>propemo-</strong></span> 
     </span>
     <span class='ocr_line' id='line_1_33' title="bbox 37 2335 1620 2410; baseline 0.003 -21"><span class='ocrx_word' id='word_1_253' title='bbox 37 2340 41 2379; x_wconf 76' lang='grc' dir='ltr'><em>ἒ</em></span> <span class='ocrx_word' id='word_1_254' title='bbox 95 2342 226 2390; x_wconf 90' lang='lat' dir='ltr'><strong>dum</strong></span> <span class='ocrx_word' id='word_1_255' title='bbox 245 2357 570 2406; x_wconf 80' lang='lat' dir='ltr'><strong>exsanguem,</strong></span> <span class='ocrx_word' id='word_1_256' title='bbox 590 2357 682 2389; x_wconf 88' lang='lat' dir='ltr'><strong>rex</strong></span> <span class='ocrx_word' id='word_1_257' title='bbox 701 2349 1047 2403; x_wconf 82' lang='lat' dir='ltr'><strong>conspexerat.</strong></span> <span class='ocrx_word' id='word_1_258' title='bbox 1072 2335 1230 2403; x_wconf 82' lang='lat' dir='ltr'><strong>Quid,</strong></span> <span class='ocrx_word' id='word_1_259' title='bbox 1252 2339 1431 2406; x_wconf 75' lang='lat' dir='ltr'><strong>inquit,</strong></span> <span class='ocrx_word' id='word_1_260' title='bbox 1453 2343 1620 2410; x_wconf 79' lang='lat' dir='ltr'><strong>quod-</strong></span> 
     </span>
     <span class='ocr_line' id='line_1_34' title="bbox 37 2403 1625 2522; baseline 0.001 -66"><span class='ocrx_word' id='word_1_261' title='bbox 37 2403 45 2437; x_wconf 46' lang='grc' dir='ltr'><em>ἶ</em></span> <span class='ocrx_word' id='word_1_262' title='bbox 97 2425 162 2456; x_wconf 74' lang='lat' dir='ltr'><strong>ve</strong></span> <span class='ocrx_word' id='word_1_263' title='bbox 183 2416 397 2474; x_wconf 76' lang='lat' dir='ltr'><strong>tempus</strong></span> <span class='ocrx_word' id='word_1_264' title='bbox 419 2416 712 2474; x_wconf 77' lang='lat' dir='ltr'><strong>exspectas·</strong></span> <span class='ocrx_word' id='word_1_265' title='bbox 726 2442 742 2466; x_wconf 81' lang='lat'><strong>,</strong></span> <span class='ocrx_word' id='word_1_266' title='bbox 767 2414 832 2462; x_wconf 68' lang='lat' dir='ltr'><strong>,et</strong></span> <span class='ocrx_word' id='word_1_267' title='bbox 847 2420 958 2464; x_wconf 75' lang='lat' dir='ltr'><strong>non</strong></span> <span class='ocrx_word' id='word_1_268' title='bbox 1017 2404 1381 2522; x_wconf 44' lang='lat' dir='ltr'><strong>walafr-imum</strong></span> <span class='ocrx_word' id='word_1_269' title='bbox 1400 2405 1500 2458; x_wconf 81' lang='lat' dir='ltr'><strong>hoc</strong></span> <span class='ocrx_word' id='word_1_270' title='bbox 1522 2409 1625 2457; x_wconf 85' lang='lat' dir='ltr'><strong>do·-</strong></span> 
     </span>
    </p>
   </div>
   <div class='ocr_carea' id='block_1_10' title="bbox 39 2469 1125 2533">
    <p class='ocr_par' dir='ltr' id='par_1_10' title="bbox 39 2469 1125 2533">
     <span class='ocr_line' id='line_1_35' title="bbox 39 2469 1125 2533; baseline -0.003 -11"><span class='ocrx_word' id='word_1_271' title='bbox 39 2486 43 2499; x_wconf 85' lang='lat'>&#39;</span> <span class='ocrx_word' id='word_1_272' title='bbox 99 2472 214 2522; x_wconf 80' lang='lat' dir='ltr'><strong>lore</strong></span> <span class='ocrx_word' id='word_1_273' title='bbox 233 2491 314 2523; x_wconf 82' lang='lat' dir='ltr'><strong>me</strong></span> <span class='ocrx_word' id='word_1_274' title='bbox 343 2473 544 2524; x_wconf 74' lang='lat' dir='ltr'><strong>saltem</strong></span> <span class='ocrx_word' id='word_1_275' title='bbox 573 2474 893 2524; x_wconf 84' lang='lat' dir='ltr'><strong>moriturum</strong></span> <span class='ocrx_word' id='word_1_276' title='bbox 919 2469 960 2520; x_wconf 77' lang='lat' dir='ltr'><strong>li</strong></span> <span class='ocrx_word' id='word_1_277' title='bbox 997 2487 1125 2533; x_wconf 75' lang='lat' dir='ltr'><strong>eras·</strong></span> 
     </span>
    </p>
   </div>
   <div class='ocr_carea' id='block_1_11' title="bbox 37 2537 44 2581">
    <p class='ocr_par' dir='ltr' id='par_1_11' title="bbox 37 2537 44 2581">
     <span class='ocr_line' id='line_1_36' title="bbox 37 2537 44 2581; baseline 0 0"><span class='ocrx_word' id='word_1_278' title='bbox 37 2537 44 2581; x_wconf 60' lang='grc' dir='ltr'><em>ἵ</em></span> 
     </span>
    </p>
   </div>
   <div class='ocr_carea' id='block_1_12' title="bbox 37 2672 45 2703">
    <p class='ocr_par' dir='ltr' id='par_1_12' title="bbox 37 2672 45 2703">
     <span class='ocr_line' id='line_1_37' title="bbox 37 2672 45 2703; baseline 0 0"><span class='ocrx_word' id='word_1_279' title='bbox 37 2672 45 2703; x_wconf 66' lang='grc' dir='ltr'><strong><em>ἱ</em></strong></span> 
     </span>
    </p>
   </div>
   <div class='ocr_carea' id='block_1_13' title="bbox 101 2471 1623 2605">
    <p class='ocr_par' dir='ltr' id='par_1_13' title="bbox 101 2471 1623 2605">
     <span class='ocr_line' id='line_1_38' title="bbox 1202 2471 1623 2528; baseline 0.014 -7"><span class='ocrx_word' id='word_1_280' title='bbox 1202 2471 1294 2522; x_wconf 81' lang='lat' dir='ltr'><strong>An</strong></span> <span class='ocrx_word' id='word_1_281' title='bbox 1324 2473 1483 2524; x_wconf 72' lang='lat' dir='ltr'><strong>times</strong></span> <span class='ocrx_word' id='word_1_282' title='bbox 1551 2489 1623 2528; x_wconf 63' lang='lat' dir='ltr'><strong>ne.</strong></span> 
     </span>
     <span class='ocr_line' id='line_1_39' title="bbox 101 2510 1623 2605; baseline 0.002 -17"><span class='ocrx_word' id='word_1_283' title='bbox 101 2554 231 2590; x_wconf 74' lang='lat' dir='ltr'><strong>reus</strong></span> <span class='ocrx_word' id='word_1_284' title='bbox 252 2540 478 2600; x_wconf 75' lang='lat' dir='ltr'><strong>si⁸,cum</strong></span> <span class='ocrx_word' id='word_1_285' title='bbox 497 2538 808 2592; x_wconf 74' lang='lat' dir='ltr'><strong>insanabile</strong></span> <span class='ocrx_word' id='word_1_286' title='bbox 829 2537 1030 2589; x_wconf 75' lang='lat' dir='ltr'><strong>vulnus</strong></span> <span class='ocrx_word' id='word_1_287' title='bbox 1050 2539 1396 2605; x_wconf 74' lang='lat' dir='ltr'><strong>acceperim?</strong></span> <span class='ocrx_word' id='word_1_288' title='bbox 1420 2510 1623 2591; x_wconf 79' lang='lat' dir='ltr'><strong>At&#39;cri-</strong></span> 
     </span>
    </p>
   </div>
   <div class='ocr_carea' id='block_1_14' title="bbox 37 2603 1621 2685">
    <p class='ocr_par' dir='ltr' id='par_1_14' title="bbox 37 2603 1621 2685">
     <span class='ocr_line' id='line_1_40' title="bbox 37 2603 1621 2685; baseline 0.002 -26"><span class='ocrx_word' id='word_1_289' title='bbox 37 2603 44 2659; x_wconf 68' lang='lat'><strong>‚⁵</strong></span> <span class='ocrx_word' id='word_1_290' title='bbox 103 2606 308 2685; x_wconf 53' lang='lat' dir='ltr'><strong>torulus</strong></span> <span class='ocrx_word' id='word_1_291' title='bbox 327 2608 537 2658; x_wconf 79' lang='lat' dir='ltr'><strong>tandem</strong></span> <span class='ocrx_word' id='word_1_292' title='bbox 553 2611 637 2660; x_wconf 82' lang='lat' dir='ltr'><strong>vel</strong></span> <span class='ocrx_word' id='word_1_293' title='bbox 656 2609 825 2668; x_wconf 83' lang='lat' dir='ltr'><strong>finito,</strong></span> <span class='ocrx_word' id='word_1_294' title='bbox 855 2609 939 2656; x_wconf 83' lang='lat' dir='ltr'><strong>vel</strong></span> <span class='ocrx_word' id='word_1_295' title='bbox 957 2606 1279 2658; x_wconf 77' lang='lat' dir='ltr'><strong>dissimulato</strong></span> <span class='ocrx_word' id='word_1_296' title='bbox 1300 2620 1473 2670; x_wconf 82' lang='lat' dir='ltr'><strong>metu,</strong></span> <span class='ocrx_word' id='word_1_297' title='bbox 1494 2608 1621 2662; x_wconf 80' lang='lat' dir='ltr'><strong>hor-</strong></span> 
     </span>
    </p>
   </div>
   <div class='ocr_carea' id='block_1_15' title="bbox 622 2773 1219 2811">
    <p class='ocr_par' dir='ltr' id='par_1_15' title="bbox 622 2773 1219 2811">
     <span class='ocr_line' id='line_1_41' title="bbox 697 2773 707 2784; baseline 0 0"><span class='ocrx_word' id='word_1_298' title='bbox 697 2773 707 2784; x_wconf 73' lang='grc' dir='ltr'><strong>ο</strong></span> 
     </span>
     <span class='ocr_line' id='line_1_42' title="bbox 622 2787 1219 2811; baseline 0 -15"><span class='ocrx_word' id='word_1_299' title='bbox 622 2787 656 2796; x_wconf 57' lang='lat' dir='ltr'><strong>Q·</strong></span> <span class='ocrx_word' id='word_1_300' title='bbox 1169 2791 1181 2811; x_wconf 63' lang='grc'>’</span> <span class='ocrx_word' id='word_1_301' title='bbox 1216 2791 1219 2796; x_wconf 89' lang='lat'><strong>.</strong></span> 
     </span>
    </p>
   </div>
   <div class='ocr_carea' id='block_1_16' title="bbox 1140 2892 1190 2918">
    <p class='ocr_par' dir='ltr' id='par_1_16' title="bbox 1140 2892 1190 2918">
     <span class='ocr_line' id='line_1_43' title="bbox 1140 2892 1190 2918; baseline -0.04 0"><span class='ocrx_word' id='word_1_302' title='bbox 1140 2892 1190 2918; x_wconf 64' lang='grc' dir='ltr'><strong>«Γ</strong></span> 
     </span>
    </p>
   </div>
  </div>
 </body>
</html>
