2084 3009
466 188 535 248 34
717 154 769 191 ·’
1002 188 1070 255 o.
1139 186 1472 241 cvm-11
1575 210 1596 225 -

462 292 722 349 concione
743 292 1037 351 recitaret,
1067 290 1182 338 satis
1205 292 1422 340 confisus
1445 285 2012 358 Graecorum'quoque

460 378 577 426 erga
600 378 653 410 se
672 359 1054 409 benevolentiae
1081 374 1138 405 ac
1169 357 1304 407 fidei.
1373 355 1479 407 Sed
1510 357 1792 407 Parmenio
1830 358 2008 409 deter-

459 430 589 487 ruit3
648 444 759 477 non
782 444 905 476 esse
927 422 1137 477 talibus
1151 424 1442 489 promissis
1474 423 1812 474 imbuendas
1832 442 2007 475 aures

460 495 725 544 militum:
758 502 964 560 patere
994 490 1089 543 vel
1117 492 1284 540 unius·
1318 490 1545 557 insidzJis
1574 508 1799 561 regem.-
1864 491 2015 542 nihtl

461 561 623 631 nefas
664 578 785 611 ess-e
826 558 1124 611 avaritiae.
1194 559 1409 608 Secutus
1455 560 1655 607 consilii
1703 571 2009 621 auctorem,

469 643 623 679 oestrn
658 630 840 680 movit.
905 628 1009 677 lter
1039 626 1243 675 facienti
1281 624 1441 691 spado
1480 640 1614 673 unus
1655 643 1720 675 ex
1757 628 2010 692 captivis,

466 699 550 761 qui
568 697 711 759 Darii
729 711 949 745 uxorem
968 694 1356 751 comitabantur,
1378 688 1617 753 deficere
1639 709 1766 741 eam
1786 696 2010 755 nuntiat,

464 770 520 812 et
558 762 654 811 vix
693 761 951 829 spiritum
992 760 1213 809 ducere.
1279 757 1480 808 Itineris
1520 759 1754 808 continui
1795 760 2007 822 labore,

462 830 721 894 animique
742 826 1056 893 aegritudine
1075 828 1274 891 fatigata
1290 861 1304 887 ,
1325 826 1458 874 inter
1476 843 1648 875 socrus
1673 838 1724 875 et
1737 827 2005 891 virginum

460 898 685 946 filiarum
704 912 888 945 manus
911 896 1137 960 collapsa
1158 904 1292 954 erat3
1323 891 1508 941 deinde
1531 903 1580 941 et
1601 894 1870 946 exstincta.
1939 892 2003 943 Id

464 967 637 1030 ipsum
656 963 892 1012 nuntians
918 962 1045 1010 alius
1067 960 1374 1028 supervenit.
1441 958 1510 1007 Et
1527 976 1619 1009 rex
1649 959 1792 1011 haud
1825 977 2004 1029 secus,

466 1042 622 1094 quam
655 1031 699 1078 si
732 1029 953 1095 parentis
988 1045 1109 1077 suae
1140 1044 1282 1077 mors
1321 1027 1549 1075 nuntiata
1586 1039 1748 1089 esset,
1792 1029 2004 1079 crebros

465 1095 627 1144 edidit
665 1096 914 1157 gemitus:
954 1096 1283 1158 lacrimisque
1323 1094 1517 1144 obortis
1532 1130 1547 1155 ‚
1589 1096 1769 1159 quales
1813 1094 2003 1144 Darius
2069 1102 2071 1131 ἲ

466 1160 786 1227 profudisset
801 1196 815 1221 ,
835 1161 892 1209 in
913 1161 1306 1209 tabernaculum
1321 1197 1336 1223 ,
1371 1162 1426 1209 in
1445 1176 1549 1225 quo
1569 1173 1736 1210 mater
1757 1174 1871 1212 erat
1889 1163 2003 1211 Da·-

464 1229 556 1288 rii,
578 1227 821 1277 defuncto
845 1225 1070 1276 assidens
1093 1229 1319 1293 corpori,
1357 1230 1512 1277 venit.
1577 1226 1676 1276 Hic
1691 1246 1819 1278 vero
1839 1246 2003 1278 reno-

469 1306 610 1345 vatus
633 1306 709 1343 est
727 1311 963 1353 moeror,
1001 1306 1062 1343 ut
1079 1307 1392 1361 prostratam
1409 1294 1554 1343 humi
1573 1294 1718 1345 vidit.
1788 1296 2006 1345 Recenti

466 1364 607 1413 malo
628 1363 861 1428 priorum
880 1378 1086 1427 quoque
1109 1360 1396 1422 admonita,
1441 1375 1700 1427 receperat
1718 1363 1774 1411 in
1803 1363 2003 1427 gremi-

467 1444 560 1479 um
596 1428 795 1481 adultas
837 1430 1082 1492 virgines,
1123 1444 1308 1492 magna
1345 1430 1557 1494 quidem
1593 1430 1764 1478 mutui
1801 1429 2002 1479 doloris

469 1498 676 1555 solatia3
708 1494 798 1544 sed
818 1496 1002 1559 quibus
1022 1497 1135 1562 ipsa
1156 1495 1363 1545 deberet
1383 1513 1494 1545 esse
1515 1497 1715 1547 solatio.
1785 1495 1847 1546 lu
1869 1512 2002 1545 con·
2071 1548 2073 1557 ¹

466 1572 769 1630 spectu-erat
785 1577 943 1625 nepos
960 1565 1232 1625 parvulus,
1275 1563 1343 1613 ob
1378 1562 1432 1611 id
1461 1564 1631 1628 ipsum
1661 1564 2002 1625 miserabilis,

469 1626 611 1693 quod
631 1624 1136 1677 nondum-sentiebat
1155 1630 1522 1693 calamitatem,
1542 1631 1769 1697 maxima
1791 1648 1858 1680 ex
1879 1648 2001 1696 par·-

464 1705 521 1742 te
548 1691 616 1739 ad
646 1692 820 1757 ipsum
856 1692 1251 1745 redundantem.
1319 1695 1595 1758 Crederes,
1635 1696 2001 1747 Alexandrum

470 1760 601 1807 inter
624 1774 737 1806 suas
757 1761 1153 1813 necessitudines
1167 1766 1288 1813 flere
1301 1799 1314 1822 ,
1338 1774 1386 1811 et
1405 1765 1587 1812 solatia
1609 1782 1716 1813 non
1737 1764 1998 1823 adhibere,

470 1823 563 1876 ae'd
584 1840 839 1889 quaerere.
907 1826 1037 1876 Gibo
1074 1841 1207 1879 certe
1240 1830 1500 1879 abstinuit:
1549 1848 1864 1897 omnemque
1899 1830 2002 1879 ho·-

470 1908 653 1945 norem
672 1891 853 1953 funeri,
872 1894 1035 1959 patrio
1057 1894 1330 1947 Persarum
1351 1911 1513 1959 more‘,
1533 1900 1753 1948 servavit
1766 1918 1788 1959 :-
1813 1898 2003 1963 dignus

470 1958 701 2018 hercule,
760 1961 849 2024 qui
897 1976 1037 2009 nunc
1077 1979 1286 2027 quoque
1332 1974 1534 2013 tantum
1580 1966 1998 2017 mansuetudinis

472 2036 521 2073 et
548 2026 885 2077 continentiae
924 2028 1054 2078 ferat
1093 2026 1334 2080 fiuctl‘tm.
1405 2030 1586 2081 Semel
1625 2034 1839 2082 omnino
1880 2048 2000 2081 eam

469 2090 685 2154 viderat,
726 2111 827 2159 quo
848 2094 930 2144 die
952 2108 1096 2161 capta
1113 2108 1220 2159 est3
1257 2115 1352 2147 nec
1365 2110 1424 2147 ut
1441 2099 1632 2165 ipsam,
1663 2099 1757 2149 sed
1777 2111 1836 2150 ut
1854 2099 2002 2149 Darii

470 2168 688 2229 matrem
706 2159 925 2213 vIderet:
958 2166 1299 2229 eximiamque
1331 2166 1766 2232 pulchritudinem
1795 2166 2000 2217 formae

472 2224 578 2270 eius
598 2241 701 2273 non
722 2228 943 2277 liuidinis
964 2230 1210 2281 habuerat
1227 2233 1642 2295 incitamentum,
1671 2234 1765 2284 sed
1784 2236 2000 2300 gloriae.

472 2290 515 2338 E
537 2290 845 2353 spadonibus
857 2332 872 2357 ‚
891 2297 980 2360 qui
998 2299 1386 2364 circa-reginam-
1399 2314 1557 2363 erant,
1577 2302 1812 2367 Tyriotes
1825 2338 1841 2364 ‚
1863 2303 2004 2353 inter

478 2355 865 2436 trepidationem
909 2363 1202 2425 lugentium
1239 2368 1438 2432 elapsus
1472 2386 1572 2433 per
1611 2386 1738 2435 eam,
1773 2381 2008 2435 portam,

472 2440 627 2491 quae,
650 2442 767 2489 qma
786 2427 848 2475 sb
870 2427 1015 2477 hoste
1036 2446 1210 2481 aversa
1231 2446 1365 2495 erat,
1411 2436 1571 2484 levius
1595 2435 2010 2500 custodiebatur,

472 2490 537 2541 ad
554 2492 697 2541 Darii
730 2502 890 2541 castra
916 2498 1170 2559 pervenit:
1207 2510 1547 2568 exceptusque
1579 2522 1608 2552 a
1639 2504 1910 2567 vigilibus,
1955 2506 2008 2557 in

475 2560 859 2610 tabernaculum
879 2562 1350 2629 regis-perducitur,
1393 2584 1605 2633 gemens
1627 2582 1680 2619 et
1696 2583 1838 2621 vente
1857 2572 2001 2622 lace·-

472 2644 590 2681 nta.
662 2629 837 2693 Quem
854 2640 914 2679 ut
942 2632 1207 2697 conspexit
1234 2635 1450 2698 Darius,
1488 2637 1774 2703 multiplici
1805 2637 2056 2733 dolo,

1545 2834 1567 2848 ὀ
