2084 3009
622 123 960 176 LIBER
1026 126 1129 177 lx.
1524 140 1634 199 293

129 235 225 288 que
238 224 613 288 permissuros.
630 227 777 274 Deos
798 225 905 275 sibi
924 226 1223 278 deditionis
1237 239 1508 294 auctores,
1525 252 1636 288 non

124 298 311 340 metum
320 311 345 347 ,·
399 291 559 357 ut'ppe
573 291 805 342 intactis
823 292 1026 342 viribus
1038 293 1228 362 iugum
1243 298 1506 364 excipere.
1525 303 1634 356 Rex

122 359 329 420 consilio
404 360 541 408 abito
582 358 785 416 deditos
825 359 881 408 in
918 359 1074 409 fidem
1105 364 1322 427 accepit3
1362 366 1634 431 stipendio,

122 423 257 487 quod
282 423 573 475 Arachosiis
602 437 816 490 utraque
846 427 983 474 natio
1013 429 1322 492 pensitabat,
1372 431 1635 496 imposito.

118 487 375 542 Praeterea
407 508 465 540 11
498 489 675 542 millia
704 501 762 542 et
793 505 835 540 D
870 493 1083 562 equites
1115 495 1352 561 imperat:
1393 509 1444 546 et
1462 500 1636 551 omnia

121 557 409 608 obedienter
438 576 469 606 a
497 557 725 607 barbaris
742 559 898 607 sacta.
964 560 1190 610 Invitatis
1213 562 1396 612 deinde
1417 563 1482 612 ad
1507 583 1634 630 epu-

115 623 183 672 las
214 625 391 692 legatis
422 625 655 688 gentium
688 627 978 690 regulisque
989 629 1014 688 ,⁸
1049 629 1314 677 exornari
1330 631 1636 682 convivium

112 689 267 740 iussit.
340 690 565 740 Centum
602 693 742 740 aurei
780 694 901 740 lecti
927 694 1144 743 modicis
1171 696 1451 746 intervallis
1481 701 1636 764 positi

112 770 269 819 erant·;
329 758 474 806 lectis
496 757 901 808 circumdederat
924 763 1123 824 aulaea,
1162 778 1386 828 purpura
1407 782 1634 832 auroque

110 823 368 890 fingenda,
410 823 662 889 quidquid
690 838 777 874 aut
798 826 937 892 apud
956 826 1133 877 Persas
1153 841 1323 880 vetere
1344 832 1476 882 luxu
1488 867 1504 894 ,
1545 844 1632 882 aut

108 892 236 955 apud
254 890 565 942 Macedonas
603 909 735 942 nova
770 895 1126 944 immutatione
1167 910 1468 961 corruptum
1507 911 1634 960 crat,

105 959 327 1008 confusis
358 960 625 1024 utriusque
653 961 815 1023 gentis
847 961 979 1009 vitiis
1010 963 1066 1009 in
1088 963 1180 1010 illo
1203 963 1435 1026 convivio
1457 975 1632 1012 osten-

104 1025 242 1074 dens.
310 1025 561 1075 Intererat
600 1027 765 1090 epulis
785 1027 1074 1092 Dioxippus
1108 1026 1450 1091 Atheniensis,
1483 1031 1632 1096 pugil

102 1091 317 1152 nobilis,
353 1103 404 1140 et
425 1093 492 1142 ob
522 1093 763 1142 eximiam
792 1095 1035 1144 virtutem
1051 1095 1244 1144 virium
1259 1094 1367 1159 regi
1383 1108 1630 1162 pernotus

104 1169 150 1206 ct
172 1169 364 1221 gratus.
430 1157 597 1208 Invidi
624 1161 939 1224 malignique
967 1161 1296 1238 increpabant
1316 1179 1408 1226 per
1427 1165 1558 1212 seria
1579 1175 1631 1214 et

103 1225 311 1284 ludum,
353 1225 615 1292 saginati
624 1227 883 1289 ‚corporis
915 1228 1074 1293 sequi
1094 1227 1346 1278 mutilem
1371 1227 1629 1280 belluam.

107 1291 227 1340 Cum
248 1291 367 1358 ipsi
374 1290 647 1356 proelium
666 1291 889 1350 inirent,
920 1290 1032 1343 oleo
1053 1293 1359 1342 madentem
1367 1311 1629 1362 praepa-

99 1375 222 1408 rare
243 1367 497 1409 ventrem
516 1355 707 1422 epulis,
756 1357 958 1405 Eadem
987 1359 1142 1420 igitur
1161 1359 1216 1406 in
1236 1361 1466 1408 convivio
1489 1361 1630 1410 Hor-

99 1438 226 1476 ratas
246 1423 466 1476 Macedo
498 1424 603 1472 iam
621 1425 935 1471 temulentus
957 1424 1263 1486 exprobrare
1285 1425 1331 1471 ei
1351 1427 1539 1490 coepit,
1583 1438 1634 1476 et

98 1494 385 1557 postulare,
431 1498 496 1538 ut
528 1489 583 1538 si
608 1490 698 1538 vir
718 1497 888 1550 esset,
926 1498 1151 1555 postero
1174 1488 1261 1538 die
1280 1506 1462 1540 secum
1467 1491 1632 1560 ferro

98 1560 455 1610 decerneret:
495 1571 688 1626 regem
715 1556 943 1606 tandem
970 1554 1061 1605 vel
1087 1555 1154 1606 de
1181 1573 1282 1605 sua
1303 1560 1631 1620 temeritate,

29 1651 31 1654 >
96 1627 188 1676 vel
202 1627 277 1676 de
307 1623 457 1672 illius
478 1623 729 1692 ignavia,
770 1622 1158 1673 iudicaturum.
1225 1623 1293 1672 Et
1310 1642 1340 1672 a
1359 1623 1632 1692 Dioxippo,

96 1691 411 1742 contemtIm
428 1691 706 1738 militarem
726 1689 965 1738 eludente
986 1690 1242 1751 ferociam,
1283 1703 1483 1758 accepta
1505 1711 1634 1744 con-

96 1760 228 1809 ditio
252 1765 352 1824 elst.
417 1752 495 1800 Ac
513 1766 718 1817 postero
741 1754 823 1800 die
844 1771 947 1812 rex,
970 1771 1090 1802 cum
1110 1755 1266 1804 etiam
1281 1759 1442 1808 acrius
1463 1773 1632 1812 certa-

94 1843 223 1874 men
248 1831 597 1884 exposcerent,
617 1820 734 1884 quia
756 1818 1007 1868 deterrere
1026 1838 1131 1869 nou
1150 1833 1362 1887 poterat,
1385 1824 1631 1878 destinata

96 1888 313 1954 exsequi
351 1903 531 1950 passus
562 1897 654 1935 est.
720 1885 901 1950 Ingens
932 1885 1013 1936 hic
1036 1889 1291 1954 militum,
1333 1893 1465 1942 inter
1497 1911 1628 1958 quos

98 1969 243 2008 erant
282 1953 491 2016 Graeci,
551 1954 639 2019 qui
674 1953 935 2019 Dioxippo
973 1956 1272 2019 studebant,
1325 1970 1632 2018 convenerat

96 2020 402 2075 multitudo.
484 2020 700 2069 Macedo
738 2023 870 2069 iusta
909 2039 1051 2070 arma
1087 2033 1340 2070 sumserat
1347 2041 1363 2082 3
1421 2037 1630 2072 aereum

99 2093 359 2158 clypeum,
380 2087 588 2150 hastam,
610 2105 764 2152 quam
782 2085 1049 2137 sar-issam
1068 2098 1266 2147 vocant,
1277 2087 1416 2137 laeva
1437 2099 1631 2150 tenens,

98 2158 279 2208 dextra
308 2157 569 2204 lanceam:
606 2151 875 2219 gladioque
896 2156 1117 2215 cinctus,
1155 2155 1300 2201 velut
1321 2169 1441 2206 cum
1457 2157 1632 2220 pluri...

98 2225 197 2274 hus
218 2223 377 2273 simul
396 2222 745 2272 dimicaturus.
808 2221 1100 2288 Dioxippus
1126 2220 1242 2267 oleo
1261 2220 1442 2282 nitens,
1479 2234 1530 2272 et
1545 2239 1632 2272 co-

100 2301 340 2352 ronatus,
377 2291 520 2338 laeva
548 2289 826 2353 puniceum
856 2288 1166 2346 amiculum,
1206 2285 1381 2336 dextra
1399 2288 1634 2338 validum
1707 2301 1718 2308 ”

101 2357 464 2421 nodosumque
504 2356 730 2421 stipitem
756 2354 1092 2419 praeferebat.
1155 2351 1231 2398 Ea
1259 2353 1376 2417 ipsa·
1394 2371 1477 2402 res
1509 2371 1632 2408 om-

104 2426 254 2472 nium
290 2425 491 2473 animos
530 2423 899 2486 exspectatione
929 2416 1282 2484 suspenderat;
1328 2418 1516 2481 quippe
1545 2434 1632 2466 ar-

102 2502 245 2540 mato
268 2480 513 2553 congredi
530 2489 729 2550 nudum
742 2523 756 2550 ‚
797 2487 1056 2537 dementia
1075 2502 1180 2533 non
1201 2483 1457 2532 temeritas
1482 2482 1632 2530 vide-

103 2557 272 2606 batur.
338 2556 499 2621 Igitur
519 2554 763 2618 Macedo,
805 2553 961 2648 haud.
971 2552 1158 2613 dubius
1190 2545 1390 2601 eminus
1417 2547 1630 2598 interfici
