2084 3009
402 181 506 240 426
836 175 880 226 1.
929 153 1572 232 mmm-»amu

402 281 797 333 matrimonium
826 295 1146 342 regnumque
1177 280 1362 344 sociari
1389 279 1462 329 sas
1493 291 1568 328 est
1605 279 1804 330 iisdem
1843 301 1940 349 pa-

402 349 633 398 rentibus
654 349 875 411 genitos:
897 357 947 393 at
966 358 1244 410 postquam
1263 343 1537 396 Artemisia
1558 345 1824 400 desiderio
1846 351 1944 400 de·-

404 416 567 466 suncti
594 415 837 476 extabuit,
875 413 1115 465 Hidrieus
1136 429 1296 478 regno
1318 415 1526 479 potitus,
1551 425 1600 462 et
1619 415 1744 463 sine‘
1760 418 1942 468 sobole

404 495 658 543 mortuus,
699 480 843 530 Adae
872 482 1081 544 reliquit
1119 482 1411 548 imperium.
1467 481 1614 529 Hanc
1633 481 1942 534 Pexodarus

406 551 619 615 expulit,
660 551 750 614 qui
788 565 921 596 unus
962 547 1025 596 de
1055 547 1360 602 Hecatomni
1400 549 1516 597 filiis
1557 563 1849 614 supererat:
1895 555 1945 600 e't

406 632 721 684 quamquam
743 618 784 664 is
802 615 1113 676 decessisset,
1134 612 1336 664 exclusa
1348 617 1606 676 manebat,
1625 617 1749 680 quia
1763 617 1948 667 Oron-

405 687 631 746 tobaten,
652 684 885 733 nobilem
904 682 1130 742 Persam,
1173 680 1468 731 Pexodarus
1491 699 1748 746 generum
1771 684 1947 734 adsci-

402 764 564 810 verat,
602 764 663 800 ut
690 753 745 799 in
772 767 908 799 novo
942 762 993 798 et
1020 751 1072 798 vi
1100 763 1244 814 parto
1271 749 1488 815 imperio
1511 751 1656 798 illius
1677 751 1876 816 opibus
1897 763 1947 801 et

406 819 563 884 gratia
582 829 951 884 protegeretur:
972 828 1123 880 atque
1143 818 1249 876 ille,
1271 817 1518 864 exstincto
1537 833 1720 865 socero
1737 854 1753 878 ‚
1798 821 1948 868 velut

406 885 573 935 dotale
613 902 833 950 regnum
870 885 1142 933 retinebat.
1204 883 1336 932 Eam
1373 884 1616 932 iniuriam
1655 883 1945 949 deplorans

402 955 610 1016 mulier,
652 954 809 1002 simul
831 949 1031 1001 Alindis
1064 951 1281 1012 deditis,
1308 947 1753 1014 (munitissimum
1774 952 1836 1001 id
1860 971 1947 1002 ca·-

404 1023 616 1068 stellum
636 1019 779 1084 erat‚)
802 1021 1107 1087 impetravit,
1125 1031 1184 1068 ut
1203 1035 1397 1066 nomen
1418 1017 1524 1078 filii,
1567 1017 1712 1081 quod
1734 1019 1946 1070 desere·-

404 1086 507 1147 bat,
548 1087 733 1134 lubens
766 1088 1032 1150 acciperet,
1070 1098 1433 1147 sti-canamque
1453 1086 1500 1132 ei
1522 1087 1736 1147 operam
1759 1086 1832 1136 ad
1850 1105 1949 1134 an-

407 1155 575 1216 tiquae
598 1150 854 1214 dignitatis
876 1151 1033 1198 decus
1053 1163 1252 1208 mature
1272 1147 1632 1214 recipiendum
1660 1155 1945 1217 pollicere·-

406 1234 507 1268 tur.
527 1217 703 1281 Neque
723 1217 975 1282 promisso
986 1217 1112 1265 fides
1133 1216 1322 1278 defuit3
1344 1229 1732 1282 expugnataque
1753 1220 1945 1269 deinde

392 1287 777 1346 -Halicarnasso‚
799 1295 961 1333 totam
980 1285 1060 1331 illi
1079 1282 1284 1332 Cariam
1303 1302 1480 1350 parere
1503 1285 1664 1334 iussit.
1695 1301 1702 1304 ·
1720 1285 1947 1336 Interim

343 1395 347 1400 .
406 1355 541 1406 sama
561 1354 782 1417 benigne
805 1362 1041 1418 exceptae
1057 1352 1277 1415 reginae,
1301 1368 1400 1416 -per
1423 1367 1635 1400 omnem
1654 1353 1820 1402 illum
1839 1367 1950 1403 tra-

410 1436 553 1484 ctum
574 1421 773 1482 diffusa,
813 1421 1001 1468 multas
1040 1420 1264 1468 civitates
1282 1417 1579 1468 Alexandro
1622 1421 1947 1483 conciliavit3

407 1505 532 1539 nam
551 1491 827 1553 pleraeque
850 1505 877 1536 a
898 1487 1194 1537 necessariis
1229 1497 1316 1540 aut
1335 1485 1672 1534 familiaribus
1693 1483 1848 1538 Adae
1870 1500 1950 1538 te-

408 1558 686 1605 nebantur:
734 1555 772 1602 ii
810 1572 903 1620 per
936 1556 1130 1618 legatos
1165 1554 1464 1602 obtulerunt
1491 1571 1670 1601 aureas
1704 1571 1948 1615 coronas,

398 1620 735 1694 futurosque
758 1621 817 1670 in
845 1620 965 1686 fide
987 1639 1055 1670 ac
1069 1628 1349 1687 potestate
1371 1619 1543 1688 regis,
1585 1627 1643 1668 et
1661 1619 1952 1687 imperata

396 1689 677 1759 facturos,
717 1687 1086 1754 promiserunt.
1138 1689 1283 1738 Dum
1305 1687 1430 1736 haec
1449 1687 1516 1738 ita
1539 1697 1809 1750 geruntur,
1855 1708 1950 1740 ex·-

412 1756 625 1820 quisitae
648 1758 769 1804 artis
792 1757 1088 1821 saporisque
1115 1756 1257 1807 cibos
1288 1766 1438 1818 atque
1473 1755 1688 1804 bellaria
1719 1757 1951 1808 sollicite

412 1823 589 1871 confici
610 1823 820 1870 curabat
838 1822 969 1882 Ada,
1010 1841 1171 1886 eaque
1205 1840 1324 1870 cum
1355 1822 1475 1886 ipsis
1509 1823 1688 1886 coquis
1704 1835 1763 1870 et
1783 1841 1950 1888 cupe-

412 1888 585 1941 diariis
604 1889 713 1951 regi
732 1887 870 1934 dono
889 1890 1145 1948 mittebat,
1185 1902 1430 1952 tanquam
1449 1888 1804 1938 benemerenti
1824 1907 1949 1954 gra-

410 1961 539 2008 tiam
557 1958 793 2016 relatura,
815 1953 857 2002 si
875 1953 1064 2000 muniis
1089 1968 1353 2001 armorum
1366 1954 1562 2002 fessum
1573 1955 1948 2022 fatigatumque

410 2025 617 2075 Asiatici
640 2024 795 2084 luxus
816 2018 1007 2068 deliciis
1031 2020 1300 2084 exciperet.
1357 2017 1430 2068 At
1467 2021 1556 2069 ille
1586 2023 1818 2085 prudens
1861 2026 1948 2074 in-

407 2090 804 2157 temperantiam
824 2087 972 2150 gulae
994 2087 1124 2138 seria
1155 2087 1390 2135 tractanti
1421 2087 1839 2154 intempestivam
1861 2109 1947 2141 es-

412 2177 483 2221 se,
503 2156 888 2207 benevolentiae
900 2153 1112 2220 quidem
1124 2153 1365 2201 muliebri
1379 2155 1594 2203 comiter
1603 2157 1790 2219 gratias
1809 2159 1916 2221 egit
1929 2176 1944 2219 ς

412 2238 642 2276 ceterum
660 2239 769 2272 non
789 2221 1086 2280 attinuisse
1105 2220 1391 2286 respondit,
1430 2230 1492 2271 ut
1499 2237 1608 2286 pro
1626 2222 1763 2287 2ipso
1783 2223 1944 2274 solli-

414 2294 529 2344 cita
550 2297 713 2347 esset,
752 2285 1002 2338 meliore&
1022 2287 1259 2341 habente
1281 2305 1495 2356 coquos,
1538 2289 1738 2357 quibus·
1758 2292 1944 2356 ipsum

412 2359 541 2410 olim
562 2355 941 2424 paedagogus
972 2373 1102 2404 suus
1121 2353 1398 2404 Leonida-3·
1429 2355 1790 2406 instruxisset
1804 2377 1850 2406 .·-
1865 2356 1943 2409 ad

336 2441 340 2444 ⁴
402 2425 707 2496 prandium
744 2423 853 2472 iter
896 2421 1302 2486 antelucanum,
1341 2422 1421 2472 ad
1453 2439 1674 2475 coenam
1681 2423 1940 2493 frugale

402 2492 723 2562 prandium.
1569 2513 1574 2520 ·

511 2561 639 2609 CAP.
660 2557 752 2607 IX.
786 2555 899 2606 Iam
928 2567 1034 2606 tota
1073 2558 1234 2606 ferme
1255 2555 1403 2606 Caria
1425 2557 1476 2605 in
1499 2556 1752 2608 ditionem
1769 2557 1941 2612 Alex—
2017 2554 2022 2558 ’

410 2625 559 2673 andri
580 2634 917 2686 concesserat5
938 2623 1031 2672 secl
1053 2635 1204 2688 caput
1219 2624 1365 2689 regni
1379 2623 1760 2676 Halicarnassus
1779 2627 1938 2680 firmo
