2084 3009
430 63 537 120 320
960 37 1029 122 ρ’.
1097 50 1428 107 cvn‘ru

432 159 589 231 regis
607 168 811 209 temere
834 156 1104 228 vulgatus
1122 155 1182 206 in
1203 153 1587 206 Macedoniam
1593 154 1972 222 penetravis-

429 238 534 289 set,
574 234 759 278 mater
798 225 916 276 eius
954 239 1217 293 sororque
1251 222 1543 289 Cleopatra
1583 222 1972 277 tumultuatae

416 297 694 368 fuerant;
716 301 773 343 et
791 291 926 341 haec
948 291 1164 361 quidem
1176 298 1481 358 paternum
1499 306 1748 360 regnum,
1778 287 1856 338 Ol
1886 308 1971 340 m-

378 393 385 400 ,
427 364 558 431 pias
583 359 811 428 Epirum
831 359 1136 418 invaserat.
1206 358 1371 407 Forte
1392 357 1519 406 dum
1542 356 1808 407 eiusmodi
1851 355 1972 408 ite·-

427 447 527 482 rae
548 427 875 488 redduntur,
898 423 1300 493 Hephaestion,
1325 425 1593 474 adsuetus
1607 424 1850 475 omnium
1863 440 1972 473 ar-

429 513 687 554 canorum
706 511 766 544 se
772 493 1115 610 lparticipem
1131 491 1336 548 haberi,
1358 491 1682 562 resignatas
1693 489 1769 542 ab
1784 490 1972 540 Alex-

430 564 609 618 andro
629 561 771 612 simu
817 562 906 610 ins
947 559 1171 610 ieiebat.
1237 557 1424 628 Neque
1452 559 1636 609 vetuit
1664 575 1787 608 eum
1815 574 1966 616 rea-,-

429 631 529 681 sed
548 629 863 680 detractum
885 577 1068 697 digito
1089 623 1351 676 annulum
1381 626 1467 676 ori
1493 624 1739 695 legentis
1761 624 1968 675 admo-

430 699 525 756 uit,
565 694 707 745 nihil
723 711 923 751 eorum,
1000 710 1106 743 uae
1128 694 1452 760 perscripta
1491 702 1691 750 essent,
1735 692 1794 741 in
1816 691 1969 748 alios

431 784 459 815 e
509 762 763 812 erendum
793 713 1142 829 significans.
1209 760 1508 811 Incusasse
1546 767 1732 809 autem
1769 757 1972 811 ambos

390 869 393 874 .
462 838 631 888 ertur,
664 837 720 877 et
740 827 935 878 matris
957 827 1258 879 insolentia
1267 827 1580 895 permotum
1598 825 1971 888 exclamasse,

431 915 546 948 eam
566 914 661 963 pro
682 895 994 945 habitatione
1016 893 1197 944 decem
1217 896 1492 956 mensium,
1532 911 1690 959 quam
1721 895 1777 944 in
1813 905 1970 944 utero

430 967 525 1015 sibi
546 963 877 1030 praebuisset,
909 979 1118 1028 gravem
1139 961 1432 1012 mercedem
1453 962 1678 1024 exigere:
1716 957 1968 1028 Antipa-

430 1043 575 1082 trum
612 1047 743 1081 vero
783 1037 1101 1095 suspectum
1139 1027 1414 1086 habuisse,
1477 1030 1641 1095 quasi
1672 1036 1859 1094 parta
1899 1045 1970 1078 eae

430 1100 729 1164 Spartanis
747 1091 985 1144 victoria
1007 1093 1289 1144 tollentem
1309 1094 1539 1153 animos,
1562 1102 1620 1144 et
1631 1093 1866 1161 imperio
1885 1103 1971 1146 tot

373 1171 377 1174 ’
431 1164 540 1214 iam
580 1163 641 1211 in
679 1175 857 1212 annos
887 1168 1204 1230 prorogato
1241 1176 1414 1227 supra
1436 1159 1710 1228 praefecti
1747 1158 1973 1214 modum

428 1230 649 1281 elatum.
718 1227 813 1277 Ita
854 1245 923 1277 ue
944 1245 1068 1277 cum
1093 1228 1214 1279 eius
1229 1228 1502 1296 gravitas
1523 1238 1691 1296 atque
1715 1228 1970 1301 integri-

430 1307 525 1350 tas
546 1315 581 1348 a
602 1294 799 1368 quibus
842 1311 931 1345 am
990 1295 1410 1354 raedicaretur;
1449 1293 1703 1362 subiecit,
1739 1299 1971 1349 exterius

434 1365 647 1432 quidem
668 1364 848 1414 album
885 1365 935 1414 vi
976 1365 1065 1428 erl,
1105 1363 1198 1424 sed
1235 1365 1278 1413 si
1319 1364 1524 1429 penitus
1562 1365 1972 1429 introspiciatur,

436 1446 608 1486 totum
628 1449 733 1483 esse
754 1449 1090 1499 purpureum.
1131 1426 1367 1490 ‘Pressit
1387 1439 1572 1480 tamen
1591 1431 1972 1498 suspicionem

434 1517 611 1558 suam,
652 1515 829 1567 neque
868 1497 1035 1548 ullum
1065 1497 1421 1567 manifestius
1457 1496 1772 1548 abalienati
1793 1497 1977 1551 animi
2059 1517 2061 1544 1

434 1567 693 1620 indicium
701 1564 993 1633 praetulit.
1045 1564 1337 1616 Credidere
1359 1573 1542 1616 tamen
1558 1562 1832 1635 plerique,
1853 1567 1977 1619 An·-
2060 1599 2061 1616 2

434 1636 699 1702 tipatrum,
723 1634 922 1682 evocari
942 1649 995 1682 se
1018 1633 1258 1698 supplicii
1279 1648 1426 1682 causa
1447 1644 1633 1696 ratum,
1653 1634 1831 1700 impiis
1853 1652 1976 1684 ma·-

430 1701 823 1764 chinationibus‚
844 1701 1008 1766 regiae
1029 1701 1229 1760 mortis,
1252 1715 1396 1768 quae
1406 1698 1600 1768 paullo
1616 1710 1750 1767 post
1768 1711 1974 1752 secuta

432 1775 536 1827 est,
559 1778 823 1815 auctorem
842 1767 1110 1821 exstitisse.
1179 1768 1404 1817 Interea
1439 1785 1553 1826 rex,
1592 1775 1654 1817 ut
1691 1768 1973 1820 imminuti

432 1833 713 1884 exercitus
743 1831 1083 1882 detrimenta
1113 1833 1366 1904 sarciret,
1406 1833 1668 1902 optimum
1697 1852 1972 1914 quemque

430 1904 729 1954 Persarum
770 1899 830 1948 in
852 1899 1236 1948 Macedonicos
1277 1898 1499 1951 ordines
1531 1900 1766 1972 allegit.-
1817 1903 1972 1954 mille

435 1968 603 2019 etiam
612 1965 1142 2034 praestantissimos
1172 1983 1234 2016 se
1279 1969 1508 2037 regavit
1537 1969 1616 2018 ad
1644 1970 1966 2037 propiorem

434 2035 528 2086 sui
546 2036 790 2102 corporis
811 2033 1149 2084 custodiam:
1183 1983 1356 2084 tuffam
1385 2035 1703 2086 hastatorum
1727 2055 1968 2100 manum,

430 2099 584 2154 haud
590 2103 892 2166 pauciores
916 2101 1103 2150 decem
1125 2099 1379 2164 millibus,
1413 2102 1542 2152 cirea
1561 2105 1764 2168 regium
1785 2107 1967 2156 taber-

431 2170 676 2218 naculum
698 2171 935 2219 excubias
956 2185 1102 2233 agere
1133 2169 1314 2218 iussit.
1401 2171 1563 2220 Haec
1593 2179 1794 2250 agenti
1813 2173 1968 2224 Peu-

432 2243 612 2284 cestes
632 2236 958 2301 supervenit
977 2251 1098 2285 cum
1126 2235 1337 2305 viginti
1361 2237 1796 2306 sagittariorum
1816 2239 1968 2308 fun-

432 2302 777 2370 ditorumque
798 2301 1049 2359 millibus,
1091 2318 1228 2368 quos
1249 2320 1316 2351 ex
1334 2320 1437 2354 sua
1452 2305 1738 2370 provincia
1759 2309 1964 2379 coesge-

430 2377 541 2420 rat.
606 2369 714 2419 His
749 2385 853 2436 per
893 2367 1198 2419 exercitum
1229 2368 1542 2420 distributis
1554 2370 1853 2441 profectus
1872 2383 1962 2425 est

429 2435 605 2496 Susis,
649 2435 919 2506 Tigrique
959 2451 1119 2484 amne
1153 2436 1499 2499 transmisso,
1535 2439 1693 2504 apud
1713 2439 1958 2512 Oarrbas

429 2514 620 2555 eastra
639 2511 881 2555 metatus
900 2509 1017 2553 est:
1041 2501 1170 2555 inde
1193 2504 1488 2573 quatriduo
1501 2520 1606 2574 per
1627 2503 1956 2560 Sittacenen
