2084 3009
677 157 1186 212 Llnssnvt
1581 168 1685 225 167

174 258 457 316 contutati
462 258 719 327 proditos
738 274 798 309 ee
824 276 957 325 esse·
965 260 1362 311 resciscerent:
1447 260 1561 331 Ipse
1583 265 1688 315 Ge·-

173 331 371 381 halinus
394 340 512 376 ante
540 327 847 376 vestibulum
866 329 1059 391 regiae,
1127 346 1294 393 neque
1317 329 1456 378 enim
1471 334 1682 398 propius
1720 352 1724 364 ¹

172 395 339 447 aditus
360 396 407 443 ei
425 394 646 459 patebat,
669 396 909 459 consistit,
936 396 1170 461 operiens
1193 397 1417 461 aliquem
1438 415 1500 447 ex
1518 401 1683 465 prima

172 462 381 511 cohorte
422 462 736 522 amicorum,
806 478 909 525 quo
947 462 1353 512 introduceretur
1392 464 1457 513 ad
1493 482 1686 529 regem.

168 530 322 579 Forte
364 528 543 576 ceteris
584 526 828 587 dimissis,
871 534 1027 579 ‘unus
1067 528 1295 578 Philotas
1336 528 1688 585 Parmenioni·

167 596 325 655 filius,
348 594 602 642 incertum
624 610 778 658 quam
798 594 863 644 ob
884 612 1085 647 causam
1097 632 1118 657 ,
1150 596 1440 646 substiterat
1458 598 1513 646 in
1533 601 1686 662 regia.

167 662 301 711 Huic
320 658 626 721 Cebalinus,
682 678 769 709 ore
809 662 1016 710 confuso
1044 680 1260 726 magnae
1277 664 1684 728 xperturbationie

167 739 315 777 notas
334 744 457 792 prae
477 744 531 775 se
550 727 733 787 ferens,
755 729 927 793 aperit,
949 746 1077 792 quae
1099 747 1161 778 ex
1180 731 1333 779 fratre
1355 744 1689 797 compererat,

168 805 217 844 et
236 794 361 843 sine
380 796 737 843 cunctatione
765 795 1019 843 nuntiari
1036 795 1164 862 regi
1189 798 1346 845 iubet.
1445 798 1686 862 Philotas,
1731 836 1746 866 Χ

164 860 375 909 laudato
396 874 473 921 eo,
496 861 725 924 protinus
752 862 907 909 intrat
926 860 992 908 ad
1009 858 1394 923 Alexandrum3
1415 864 1684 929 multoque

163 928 389 977 invicem
408 925 474 974 de
494 927 602 974 aliis
614 926 767 977 rebus
788 939 1055 975 consumto
1068 944 1320 987 sermone,
1342 930 1468 977 nihil
1488 946 1684 994 eorum,

164 1011 293 1060 quae
316 1010 379 1043 ex
398 992 641 1043 Cebalino
662 1004 980 1057 cognoverat,
1003 994 1220 1042 nuntiat.
1290 994 1398 1042 Sub
1419 1012 1684 1060 vesperam

164 1058 704 1125 etunprodeuntemin
725 1059 979 1108 vestibulo·
997 1060 1162 1123 regiae
1184 1061 1369 1125 excipit
1386 1062 1594 1123 iuvenis,
1609 1080 1684 1113 an

160 1127 491 1177 mandatum
510 1134 798 1177 exsecutus
808 1123 963 1191 sonet
981 1128 1264 1192 requirens.
1298 1127 1392 1177 Ille
1407 1165 1421 1189 ‚
1441 1144 1550 1178 non
1573 1148 1677 1181 να-

160 1211 330 1244 casse·
348 1192 589 1242 sermoni
605 1207 705 1241 suo
724 1209 755 1242 r
832 1211 915 1257 ern
933 1206 1178 1257 causatus,
1201 1194 1446 1245 discessit.
1499 1195 1684 1247 Poste--

156 1278 217 1310 ro
240 1261 327 1309 die
350 1259 625 1309 Cebalinus
657 1240 877 1309 vehenti
907 1260 960 1309 in
989 1262 1185 1324 regiam
1211 1273 1414 1326 praesto
1446 1274 1543 1312 est:
1594 1266 1682 1312 in·-

159 1338 486 1391 trantemque
516 1325 761 1377 admonet
770 1325 957 1391 pridie
977 1328 1401 1376 communicatae
1419 1339 1542 1391 curn
1563 1328 1681 1395 ipso

153 1393 257 1443 rei.
328 1392 424 1441 Ille
446 1410 613 1441 curae
638 1391 751 1441 sibi
779 1408 899 1441 esse
926 1392 1216 1457 respondit:
1267 1409 1324 1439 ac
1343 1410 1407 1439 ne
1426 1406 1540 1441 tum
1563 1396 1682 1457 qui-

154 1460 282 1510 dem
301 1460 413 1523 reg-i
424 1495 440 1521 ,
460 1476 587 1524 quae
607 1459 862 1520 audierat,
882 1460 1060 1525 aperit.
1148 1456 1418 1522 Coeperat,
1440 1456 1679 1508 Cebalino

150 1524 269 1577 esse
290 1536 576 1591 suspectus.
666 1524 843 1589 Itaque
862 1542 967 1574 non
986 1526 1122 1591 ultra
1140 1524 1574 1590 interpellandum
1593 1544 1682 1575 ra-
1729 1536 1736 1541 '

147 1606 253 1655 tus,
274 1592 441 1642 nobili
460 1594 645 1654 iuveni,
668 1592 891 1641 Metron
910 1604 1016 1641 erat
1036 1594 1082 1641 ei
1102 1610 1309 1653 nomen,
1331 1608 1484 1658 super
1508 1609 1681 1641 arma-

142 1661 471 1711 mentarium
488 1660 681 1725 posito,
738 1659 888 1726 quod
901 1658 1081 1709 ‚scelus
1095 1668 1428 1726 pararetur,
1475 1659 1680 1709 indicat.

146 1724 247 1778 Ille
260 1726 507 1776 Cebalino
527 1728 583 1775 in
602 1728 991 1777 armamentario
1004 1726 1317 1787 abscondito,
1339 1728 1570 1792 protinus
1591 1745 1678 1776 re·-

148 1795 231 1859 gi,
312 1809 497 1858 corpus
515 1794 643 1841 sorte
665 1792 887 1854 curanti,
942 1792 1080 1860 quid
1097 1792 1152 1841 ei
1179 1792 1344 1841 index
1367 1792 1676 1855 detulisset,
1713 1826 1720 1833 -

150 1859 405 1918 ostendit.
458 1860 581 1922 Rex,
604 1858 669 1907 ad
694 1858 1238 1925 comprehendendum
1255 1860 1526 1923 Dymnum
1543 1861 1676 1909 mis-

144 1928 223 1978 sis
243 1926 577 1987 satellitibus,
598 1926 1050 1975 armamentarium
1070 1928 1239 1974 intrat.
1305 1926 1383 1974 lbi
1404 1926 1676 1974 Cebalinus

146 1992 345 2058 gaudio
368 1993 545 2055 elatus,
568 1990 741 2041 habeo
762 2000 833 2052 te,
854 1993 1030 2057 inquit,
1057 1990 1378 2042 incolumem
1401 2008 1470 2039 ex
1491 1990 1561 2037 im
1602 1989 1679 2037 io-

148 2076 278 2111 rum
312 2058 564 2110 manibus·
603 2063 868 2125 ereptum.
953 2046 1284 2107 Percontatus
1325 2055 1508 2105 deinde
1597 2058 1678 2104 le-

143 2125 502 2189 xanderquae
522 2124 781 2175 noscenda
804 2136 947 2176 erant
955 2160 971 2187 ,
1002 2122 1183 2173 ordine
1205 2134 1382 2175 cuncta
1403 2123 1677 2187 cognoscit.

142 2190 453 2256 Ru'rsusque
474 2189 947 2255 institit'quaerere,
1002 2196 1201 2258 quotus
1232 2188 1352 2237 dies
1373 2198 1544 2250 esset,
1605 2206 1676 2238 ex

138 2275 265 2327 ‚quo
286 2256 654 2307 Nicomachus
676 2257 754 2306 ad
771 2274 891 2307 eum
911 2255 1202 2306 detulisset
1220 2255 1478 2306 indicium
1492 2254 1524 2304 P
1575 2252 1678 2305 At-

142 2344 251 2390 que
274 2326 367 2373 illo
388 2324 591 2386 fatente,
612 2324 721 2374 iam
743 2323 967 2373 tertium
986 2338 1108 2373 esse
1119 2341 1146 2381 ,·
1181 2323 1496 2385 existimans,
1531 2322 1677 2371 haud

140 2391 455 2456 incorrupta
471 2390 571 2441 fide
592 2402 733 2440 tanto
751 2402 869 2455 post
886 2389 1082 2439 deferre
1105 2406 1233 2454 quae
1253 2388 1505 2451 audierat,
1543 2388 1676 2439 vin-

142 2457 260 2507 ciri
281 2472 407 2507 eum
425 2458 587 2505 iussit.
634 2455 731 2505 Ille
753 2458 1009 2506 clamitare
1034 2456 1224 2521 coepit,
1264 2455 1446 2505 eodem
1469 2464 1664 2521 tempo·

143 2524 233 2578 ris
255 2532 551 2581 momento,
591 2539 696 2591 quo
715 2520 991 2586 audisset,
1010 2522 1091 2573 ad
1105 2520 1382 2573 P'hffotam
1400 2520 1682 2585 decurris-

143 2606 241 2641 ee.-
290 2588 366 2641 ab
388 2605 447 2641 eo
466 2597 905 2661 percontaretur.
1010 2591 1120 2643 Rex
1146 2591 1270 2639 item
1293 2602 1564 2654 quaerens,
1597 2596 1674 2639 em
