2084 3009
422 116 527 177 3⁷0
809 111 853 165 1.
912 112 1552 168 FREINSHEMII

424 211 667 268 duornm'
689 219 987 282 potentium
1024 219 1346 285 populorum
1381 218 1436 268 in
1475 225 1640 266 unum
1677 233 1960 270 conversae

423 287 567 345 vires,
606 299 833 349 quorum
866 287 1222 334 auctoritatem
1242 279 1495 335 Corinthii
1525 301 1732 350 quoquc
1765 287 1962 350 aliique

422 352 792 416 sequebantur,
834 352 1112 402 iniecerant
1150 369 1326 402 curam
1341 390 1354 413 ,
1395 353 1608 402 minima
1648 353 1807 401 unius
1857 353 1963 402 diei

458 431 581 479 arte,
602 419 667 468 de
690 419 851 484 capite
872 419 1194 484 fortunisque
1216 422 1458 486 ornnibus
1481 419 1810 467 dimicaturo.
1879 421 1960 470 Ne

474 485 797 536 hebanorum
831 486 1051 550 quidem
1079 489 1340 554 principes
1375 506 1403 536 a
1433 487 1570 552 pacis
1611 487 1843 535 consiliis
1865 488 1961 536 ah·-

421 552 731 613 horrebant3
770 552 863 602 scd
881 551 1280 618 Atheniensium
1299 555 1456 604 ardor
1487 555 1650 614 evicit,
1685 564 1748 602 ut
1775 571 1960 603 omnes

422 620 667 670 Graeciae
689 637 806 685 spes
828 636 1053 686 opesque
1093 622 1246 669 unius
1275 623 1458 687 proelii
1479 622 1714 668 fortunae
1735 622 1960 686 permit-

421 697 668 737 terentur.
732 686 1027 736 Alexander
1044 690 1200 738 etiam
1221 687 1440 741 immodi
1508 706 1532 737 s
1553 689 1711 736 animi
1731 687 1961 736 testaba-

420 766 505 804 tur
524 756 739 820 patrem,
778 771 844 803 ne
864 765 1064 804 tantam
1094 758 1294 819 gloriae
1323 774 1387 805 oc
1449 757 1650 804 sionem
1670 772 1698 803 e
1717 756 1962 804 manibus

420 823 553 871 elabi
574 823 782 870 sineret:
816 837 983 888 eoque
1002 823 1488 890 tandemjmpulso,
1528 823 1729 888 primus
1768 824 1828 870 in
1863 821 1965 871 ho·-

408 900 555 942 ·stem
576 891 836 955 impetum
854 890 992 939 fecit.
1061 889 1366 955 Pugnatum-
1393 891 1470 939 est
1499 890 1680 938 acriter
1721 890 1965 954 ambigua

422 957 514 1006 diu
532 958 763 1017 victoria,
784 956 952 1008 donec
972 957 1286 1019 adolescens,
1319 973 1477 1024 quem
1497 973 1620 1006 cum
1641 955 1964 1006 delectis-al-

372 1021 378 1028 ’
420 1027 517 1074 teri
537 1023 791 1074 cornuum
814 1027 1128 1090 praefecerat
1145 1038 1306 1091 pater,
1333 1043 1538 1075 summa
1559 1025 1718 1072 animi
1738 1024 1964 1080 virium-

418 1109 518 1156 que
538 1093 872 1140 contentione
894 1094 1162 1154 connixus,
1185 1111 1325 1142 sacra
1339 1093 1710 1142 Thebanorum
1732 1091 1964 1153 cohorte,

416 1176 549 1224 quae
570 1175 634 1208 ex
654 1159 864 1222 optimis
887 1161 1168 1220 constabat,
1208 1161 1328 1208 loco
1359 1171 1520 1222 mota,
1559 1158 1804 1211 {fictoriae
1825 1160 1960 1208 viam

420 1227 648 1292 aperuit.r
701 1224 839 1274 Nam
878 1237 927 1274 et
966 1223 1324 1288 Athenienses,
1367 1229 1628 1276 sociorum
1669 1227 1961 1276 calamitate

420 1295 577 1356 fracti,
599 1305 839 1358 aestuque
860 1305 912 1345 et
933 1295 1236 1348 vulneribus
1258 1295 1466 1359 fatigati,
1487 1312 1596 1343 non
1617 1294 1847 1358 amplius
1869 1312 1961 1343 su·-

405 1364 642 1413 minuere
662 1360 1017 1411 Macedonum
1035 1363 1317 1428 impetum:
1359 1363 1550 1428 quippe
1569 1360 1846 1427 Phinpus
1867 1379 1960 1411 ae·-

420 1431 719 1491 mulatione,
759 1441 809 1479 et
828 1428 1031 1496 pudore
1044 1463 1060 1491 ,
1091 1431 1134 1478 si
1155 1431 1262 1479 filio
1283 1428 1605 1478 adolescente
1629 1427 1862 1478 deterior
1880 1429 1961 1478 vi-

314 1538 325 1546 ,
352 1496 356 1500 ’
424 1499 647 1558 deretur,
689 1498 854 1560 gravis
892 1496 1350 1562 intolerandusque
1391 1498 1709 1559 incubuerat.
1777 1494 1860 1543 Ita
1895 1494 1960 1544 de
2065 1553 2067 1558 .

424 1567 661 1614 libertate
686 1564 931 1614 Graeciae
962 1565 1061 1613 ista
1088 1581 1261 1630 pugna
1290 1564 1558 1614 decretum
1577 1575 1668 1611 est.
1741 1561 1960 1612 Cecide-
2015 1602 2019 1606 .

424 1645 546 1682 runt
566 1649 630 1682 ex
640 1625 1054 1681 ⁴Atheniensibus
1075 1633 1294 1696 amplius
1315 1632 1478 1690 mille,
1500 1627 1780 1694 supraduo
1798 1613 1962 1678 miliia

425 1701 559 1764 capti
598 1699 764 1748 fuere:
814 1701 1080 1748 sociorum
1117 1709 1324 1763 quoquc
1365 1699 1518 1746 multi
1557 1708 1644 1745 aut
1680 1694 1961 1761 pugnando

332 1809 341 1814 .
424 1777 653 1816 mortem
673 1767 1043 1826 occubuerunt,
1087 1778 1176 1815 aut
1195 1767 1294 1814 vivi
1314 1776 1567 1815 venerunt
1584 1765 1638 1813 in
1657 1775 1962 1828 potestatem

425 1833 648 1896 victoris.
688 1832 877 1881 Missus
895 1844 1016 1897 post
1034 1833 1160 1884 haec
1179 1831 1407 1882 Athenas
1428 1830 1725 1882 Alexander
1744 1831 1960 1880 veniam

400 1899 749 1963 ,delictorum
795 1911 1102 1968 pacemque
1159 1897 1596 1948 Atheniensibus
1642 1897 1962 1964 Philiplmm

428 1969 565 2024 dare
584 1967 962 2034 pronuntiarim
1001 1965 1258 2032 captivo-5
1281 1966 1450 2018 etiam
1479 1965 1670 2034 gratis
1691 1965 1928 2014 reddere
1939 1981 1961 2022 ‚-

428 2053 529 2087 nec
546 2043 759 2093 vetare,
800 2033 931 2100 quin
971 2034 1146 2084 occisi
1173 2033 1611 2084 tumularentur:
1644 2034 1836 2098 quippe
1857 2047 1961 2094 rex,

428 2106 661 2154 intentus
684 2105 739 2152 in
758 2099 1023 2152 Persicum
1044 2100 1260 2164 bellum,
1283 2101 1609 2151 Graecorum
1629 2099 1790 2148 fidem
1810 2110 1960 2163 atque

428 2171 612 2231 studia,
634 2171 904 2220 clementia
926 2183 976 2218 et
994 2169 1350 2218 moderatione
1370 2167 1702 2233 provocabat.
1733 2166 1818 2214 Im
1851 2165 1964 2224 ,erio

428 2251 601 2289 tamen
620 2239 778 2286 maris
802 2249 852 2286 et
872 2239 1158 2288 insularum
1178 2235 1516 2286 Athenienses
1537 2236 1698 2284 exuit:
1742 2235 1798 2282 in
1871 2231 1966 2280 he-

426 2308 589 2357 bauos
611 2305 879 2366 immitior,
900 2321 1124 2369 quorum
1143 2305 1308 2354 subita
1329 2301 1612 2351 defectione
1626 2303 1678 2350 in
1689 2316 1965 2350 summum

428 2391 605 2426 rerum
625 2372 865 2422 omnium
893 2372 1172 2421 discrimen
1201 2388 1256 2419 se
1291 2368 1572 2418 adductum
1593 2369 1749 2418 fuisse
1770 2369 1967 2418 memi-

432 2455 599 2502 nerat3
635 2457 731 2490 nec
770 2439 1043 2499 iudicabat,
1085 2438 1340 2488 veteribus
1380 2437 1533 2485 sociis
1565 2447 1682 2502 post
1712 2436 1964 2486 beneficia

428 2527 519 2559 sua
560 2524 763 2558 causam
792 2507 961 2558 ‚fuisse
998 2518 1176 2555 contra
1205 2507 1377 2571 ipsum
1415 2521 1535 2552 cum
1563 2502 1968 2552 Atheniensibus

430 2573 699 2624 sentiendi.
764 2573 905 2637 Ergo
946 2590 1068 2621 cum
1109 2573 1294 2622 urbem
1333 2570 1666 2632 dedidissent,
1705 2570 1966 2637 praesidio
