2084 3009
1451 51 1494 65 N·

439 197 673 250 svrpr„
710 197 788 270 m
827 199 895 266 Q.
918 197 1254 285 ‘'cvnrrm
1278 201 1341 252 1„
1373 200 1448 254 11.
1575 203 1682 274 411

134 319 267 354 cem
287 301 502 350 incanto
525 301 781 364 impingit,
804 311 943 351 tanto
964 304 1098 362 nisu,
1130 315 1188 355 ut
1210 303 1422 352 mistam
1440 291 1614 367 galeae
1635 316 1686 356 et

148 371 437 437 pinnarum
460 367 673 416 alteram
698 367 981 430 decuteret,
1022 370 1254 435 aciesque
1275 369 1431 434 gladii
1451 387 1684 420 summos
1759 373 1767 380 ’

146 437 280 501 regis
306 433 521 500 capillos
542 433 922 500 perstringeret.
969 435 1182 500 Iamque
1204 437 1420 501 repetito
1443 438 1684 503 ictu,‘qua

130 503 385 556 ,discussa
409 501 559 550 cassis
598 499 801 550 nudum
839 514 989 568 capnt
1020 503 1334 566 ostendebat,
1375 502 1683 563 descendere

144 571 391 638 parabat3
434 585 556 618 cum
574 568 729 614 illum
749 566 914 617 Clitus
938 581 1168 634 occupat,
1209 571 1299 634 qni
1330 570 1682 630 animadverso

142 637 284 700 regis
308 635 539 699 periculo
562 635 752 692 amenti
772 635 951 684 similis
962 635 1304 696 advolaverat,
1317 636 1506 686 interce
1545 648 1686 686 tum·

144 721 249 768 que
272 702 480 750 barbari
501 700 771 750 brachium
791 719 911 750 cum
930 703 1041 767 ipso
1068 703 1244 766 gladio
1266 703 1456 753 deiicit.
1509 656 1683 754 gimul

138 767 438 822 Alexandri
470 784 587 816 ense
610 765 947 831 Spithridates
977 770 1235 821 occubuit.
1294 769 1469 820 Nihilo
1507 782 1681 820 tamen

141 837 359 900 segnius
395 835 749 899 repugnabant
766 831 972 884 Persae:
1014 836 1181 890 donec
1219 838 1430 887 interitu
1468 836 1682 898 ducum,

144 918 381 969 quorum
401 901 633 965 plerique
656 900 759 948 iam
781 900 1082 965 ceciderant,
1125 905 1448 967 consternati,
1490 915 1542 954 et
1562 905 1681 970 quia

142 973 255 1022 iam
296 969 455 1017 etiam
492 966 715 1032 phalanx
753 967 1106 1018 Macedonum
1153 970 1419 1020 transierat
1457 987 1680 1032 amnem,

147 1052 313 1103 equos
333 1037 390 1084 in
410 1035 586 1098 fugam
605 1047 909 1084 averterunt.
965 1037 1146 1101 Neque
1165 1035 1415 1102 pedestris
1437 1037 1566 1087 acies
1587 1035 1680 1087 diu

148 1104 365 1154 restitit:
404 1102 690 1165 equitatum
710 1118 867 1152 suum
886 1101 953 1151 ad
973 1103 1319 1154 obterendum
1338 1101 1539 1153 hostem
1557 1104 1678 1154 satis

147 1186 407 1236 superque
430 1167 658 1217 validum
678 1169 921 1231 arbitrati,
941 1171 1112 1235 potius
1130 1170 1196 1218 »de
1208 1169 1413 1236 praeda,
1436 1189 1592 1235 quam
1613 1167 1678 1221 de

148 1237 464 1298 discrimine,
486 1235 791 1298 cogitabant.
834 1233 907 1286 lta
926 1239 1098 1287 subito
1118 1250 1305 1287 eventu
1326 1233 1680 1302 deprehenso·-

144 1321 270 1356 rum
292 1301 471 1352 caedes
489 1303 670 1366 magis,
712 1319 869 1367 quam
886 1306 1162 1369 proelium,
1193 1305 1306 1354 fuit.
1374 1302 1679 1353 Mercenarii

144 1381 341 1431 tamen,
364 1370 549 1434 quibus
571 1367 786 1418 Omares
804 1382 1054 1436 praeerat,
1077 1381 1322 1434 occupato
1345 1370 1568 1432 quodam
1589 1380 1678 1418 tu·-

144 1439 297 1488 mulo
318 1449 523 1486 strenue
544 1453 596 1486 se
616 1436 906 1500 tuebantur,
928 1439 1043 1502 quia
1061 1435 1440 1486 conditionibus
1454 1435 1508 1483 in
1520 1434 1677 1484 fidem

114 1493 397 1556 (venturos
416 1505 505 1552 ille
527 1520 635 1552 non
653 1517 929 1569 receperat.
977 1505 1112 1569 Ergo
1132 1501 1482 1553 Macedonum
1501 1502 1676 1566 plures

142 1571 201 1622 iu
225 1587 289 1619 eo
312 1571 549 1618 conflictu
571 1567 843 1618 desiderati
864 1582 997 1633 sunt,
1039 1588 1197 1636 quam
1227 1569 1448 1635 equestri
1478 1569 1677 1635 proelio
1721 1595 1728 1601 -

144 1636 460 1688 ceciderant:
480 1638 587 1701 ipse
607 1637 809 1701 <suoque
830 1654 935 1698 rex,
975 1636 1106 1686 dum
1123 1639 1258 1686 inter
1277 1638 1474 1702 primos
1500 1636 1676 1702 impe-

142 1716 269 1753 tum
287 1703 343 1750 in
363 1719 449 1752 eos
477 1703 609 1764 facit,
649 1715 757 1752 tam
795 1706 1120 1768 propinquus
1139 1703 1426 1752 discrimini
1457 1703 1580 1762 suit,
1619 1711 1680 1750 ut

142 1785 367 1835 equum,
388 1771 466 1818 cui
484 1782 598 1819 tum
618 1770 883 1831 insidebat,
924 1772 1030 1818 ictu
1050 1770 1208 1833 gladii
1229 1787 1321 1835 per
1340 1770 1474 1818 latus
1497 1767 1675 1818 adacto

126 1835 454 1894 ,confossum
477 1837 715 1885 amiserit.
761 1837 963 1900 Quibus
984 1837 1139 1898 rebus
1155 1833 1488 1886 'vehementer
1505 1837 1676 1884 irrita-

142 1914 248 1962 tus,
273 1902 499 1966 equitatu
522 1900 678 1951 simul
702 1914 751 1950 et
768 1902 1023 1967 phalange
1047 1902 1388 1952 circumdatos
1409 1903 1674 1951 occidione

142 1967 353 2029 occidit,
391 1971 611 2034 exceptis
632 1969 837 2018 duobus
858 1971 961 2018 fere
980 1971 1234 2029 millibus,
1266 1971 1354 2032 qui
1373 1971 1426 2016 in
1447 1967 1674 2016 deditio-

142 2052 275 2087 nem
291 2048 557 2085 venerunt.
608 2034 671 2084 In
701 2035 999 2087 universum
1030 2051 1174 2084 caesa
1203 2045 1321 2082 sunt
1351 2050 1414 2082 ex
1441 2031 1673 2081 hostibus

148 2101 331 2167 viginti
360 2101 593 2166 peditum
610 2102 795 2164 millia,
833 2100 939 2151 duo
978 2102 1236 2166 equitum:
1278 2110 1546 2164 captorum
1581 2113 1674 2164 par

138 2170 310 2222 ferme
350 2185 597 2217 numerus
641 2169 756 2216 suit.
812 2169 895 2218 Ex
938 2167 1154 2218 ducibus
1190 2167 1444 2216 Memnon
1482 2165 1674 2228 effugit,

144 2253 269 2286 cum
307 2231 515 2296 Arsace,
552 2232 886 2284 Rheomithre
926 2246 977 2284 et
1013 2234 1220 2302 Atizye:
1266 2233 1418 2282 ceteri
1449 2229 1673 2282 honestis

73 2315 81 2322 ·
141 2301 447 2354 vulneribus
468 2300 837 2354 occubuerunt.
880 2299 1092 2361 Arsites,
1115 2319 1236 2351 cum
1256 2303 1310 2350 in
1329 2299 1600 2366 Phrygiam
1619 2313 1674 2346 sc

126 2369 435 2434 recepisset,
474 2367 675 2433 pudore
715 2379 765 2417 et
800 2369 1130 2432 poenitentia,
1170 2366 1314 2433 quod
1341 2367 1492 2414 huius
1514 2363 1672 2412 cladis

142 2452 296 2484 causa
317 2453 426 2484 non
463 2436 725 2484 immerito
764 2434 1037 2483 baberetur
1056 2470 1072 2496 ,
1123 2435 1222 2484 sibi
1260 2449 1444 2482 manus
1481 2429 1675 2481 intulit.

140 2499 444 2551 Alexander
481 2519 672 2566 paucos
712 2501 955 2566 quidem,
1008 2498 1099 2548 sed
1138 2498 1515 2566 promtiss‘unos
1529 2531 1543 2556 ,
1610 2513 1672 2545 eo

142 2570 345 2634 proelio
370 2567 614 2634 perdidit.
656 2567 885 2632 Triginta
910 2565 1198 2616 admodum
1218 2564 1429 2632 pedites,
1466 2573 1673 2626 septua-

144 2636 287 2700 ginta
308 2635 537 2702 quinque
558 2635 750 2700 equites
772 2633 1078 2685 ceciderant.
1111 2634 1271 2700 Igitur
1290 2642 1348 2684 ut
1367 2628 1674 2700 ostenderet,
