2084 3009
414 118 521 174 390
850 113 893 164 1.
942 111 1578 165 FREINSHEMII

416 224 618 268 tortam
630 216 962 282 pudicitiam
978 215 1355 282 spiritumihil
1377 214 1544 266 vilius
1574 232 1697 264 esse
1711 234 1728 264 :
1775 233 1960 285 quem

414 292 691 351 utcunque
710 282 975 352 expellere
979 283 1367 350 festinaveris,
1407 299 1529 332 sero
1561 283 1790 343 moriar,
1829 301 1960 350 pu-

415 350 536 400 dori
550 351 879 423 patriaeque
900 359 1204 417 euperstes.
1222 350 1530 412 Alexander,
1553 353 1758 415 cognita
1772 369 1956 412 causa,

420 418 681 478 Thracem
702 420 817 467 iure
839 434 1060 471 caesum
1115 419 1452 480 ronuntiavit3
1477 435 1654 486 neque
1675 417 1956 484 sibipIa-

412 501 537 534 cere
560 485 822 554 ingenuis
841 484 1062 536 mulieri
1095 501 1161 534 ue
1179 483 1430 550 vimfieri
1441 504 1458 534 .·
1489 485 1956 555 collaudatamque

404 551 690 625 feminam,
732 570 850 602 cum
868 552 1135 615 omnibu-5,
1175 553 1272 622 qui
1290 553 1618 622 cognatione
1641 554 1824 620 ipsam
1848 563 1953 602 at·-

410 619 710 688 tingerent,
731 619 956 672 liberam
978 637 1101 670 esse
1126 621 1297 682 iussit3
1318 629 1372 670 et
1391 637 1495 688 quo
1517 619 1752 700 quisque
1773 619 1952 670 vellet

410 685 735 736 discedendi
749 699 1054 753 potestatem
1072 689 1206 738 fecit.
1278 687 1510 753 Pepercit
1529 698 1580 736 et
1599 687 1816 736 Pindari
1839 705 1949 752 po-

410 753 572 815 steris,
612 755 666 802 iu
694 753 949 806 honorem
978 758 1121 816 vatis,
1163 756 1250 821 qui
1271 773 1523 821 proavum
1544 757 1680 818 regis
1699 754 1950 804 Adexan-

410 817 565 868 dmm
596 823 905 870 carminibus
936 824 1041 873 suis
1071 825 1370 884 inseruerat,
1409 823 1672 888 ipsiusque
1713 823 1952 873 domum

412 888 628 936 cremari
646 891 823 938 vetuit.
880 889 999 938 Non
1030 891 1172 939 enim
1198 902 1517 956 praesentem
1545 901 1751 938 tantum
1769 891 1952 941 virtu-

411 966 519 1004 tem
556 953 823 1018 adamavit,
857 973 1044 1006 *verum
1083 959 1238 1006 etiam
1276 958 1579 1006 memoriam
1622 973 1951 1022 magnorum

410 1021 643 1070 virorum
671 1025 968 1084 reverentia,
1010 1036 1060 1074 et
1097 1026 1400 1090 progeniem
1430 1026 1646 1074 illorum
1672 1025 1948 1074 beneficiis

410 1100 709 1152 prosecutus
733 1101 827 1137 est.
863 1091 997 1140 Nam
1013 1103 1064 1141 et
1083 1103 1274 1157 postea,
1307 1107 1426 1138 cum
1444 1103 1712 1157 postremo
1736 1093 1946 1158 proelio

411 1153 629 1203 Darium
662 1155 892 1217 vicisset,
932 1157 1240 1206 Crotoniatis
1279 1157 1496 1224 praedae
1535 1169 1740 1224 partem
1779 1158 1945 1219 misit,

408 1220 554 1284 quod
594 1219 775 1270 Xerxis
813 1224 953 1269 bello
974 1259 990 1282 ‚
1014 1227 1210 1274 ectasis
1251 1226 1572 1274 Graecorum
1613 1226 1833 1276 coloniis
1877 1225 1947 1274 de

412 1285 634 1338 Graecia
651 1287 1052 1354 desperantibus,
1091 1285 1306 1356 Phayllo
1341 1288 1471 1339 duce
1490 1291 1760 1340 triremem
1779 1309 1947 1342 unam

412 1354 479 1404 ad
498 1355 812 1418 Salaminem
829 1356 1108 1406 misissent:
1130 1367 1180 1406 et
1198 1355 1513 1406 Plataeenses
1534 1357 1734 1408 honore
1755 1359 1945 1408 'donis-

412 1440 511 1486 que
530 1421 710 1483 affecit,
732 1424 849 1487 quia
864 1424 1088 1472 maiores
1110 1439 1293 1474 eorum
1313 1423 1520 1474 Graecis
1542 1425 1787 1474 adversus
1797 1425 1946 1477 Mar-

412 1489 628 1540 donium
646 1491 1011 1556 proeliantibus
1031 1507 1212 1556 agrum
1232 1507 1386 1540 suum
1407 1492 1544 1541 dono
1567 1491 1838 1542 dederant.

514 1557 645 1606 CAP.
682 1555 823 1606 XsV.
900 1557 1044 1607 Hanc
1085 1557 1452 1608 Thebanorum
1508 1558 1712 1608 cladem
1770 1561 1940 1610 multa

413 1635 607 1674 ostenta
627 1637 1025 1691 praecesserunt.
1083 1625 1273 1675 Tribus
1304 1638 1418 1679 ante
1449 1627 1736 1688 mensibus,
1777 1645 1939 1692 quam

406 1689 699 1740 Alexander
718 1690 1018 1753 advenisset,
1058 1693 1110 1740 in
1131 1693 1246 1740 fano
1268 1693 1478 1754 Cereris,
1510 1711 1638 1758 quae
1665 1694 1935 1744 Thesmo-

404 1755 607 1822 phoros
647 1759 946 1821 appellatur,
986 1771 1256 1824 conspecta
1295 1772 1371 1810 est
1409 1769 1618 1810 araneae
1649 1762 1752 1810 tela
1773 1763 1932 1825 nigra,

392 1839 530 1877 ‚cum
550 1824 681 1871 circa
700 1834 907 1889 tempus
920 1825 1215 1875 Leuctricae
1235 1843 1449 1894 pugnae,
1469 1845 1568 1892 qua
1589 1845 1670 1876 res
1686 1827 1928 1877 Thebana

408 1889 474 1938 ad
495 1903 761 1940 summum
780 1889 1037 1938 felicitatis
1057 1906 1223 1943 evecta
1243 1895 1354 1952 fuit,
1379 1893 1596 1942 candida
1617 1895 1927 1959 comparuis-

407 1969 499 2006 set.
558 1954 645 2006 Ad
663 1955 788 2004 haec
818 1956 915 2005 sub
946 1955 1226 2006 adventum
1243 1957 1596 2008 Macedonum
1616 1961 1853 2011 sudantes
1873 1961 1932 2010 in

409 2025 522 2074 soro
546 2035 753 2083 statuae,
789 2040 917 2088 eque
936 2024 1054 2073 lacu
1074 2025 1214 2090 apud
1235 2025 1557 2076 Onchestum
1578 2029 1735 2077 tristis
1755 2030 1934 2092 mugi-

409 2103 508 2151 tus,
530 2103 581 2140 et
598 2089 893 2156 prodigioso
914 2092 1154 2156 sanguine
1175 2096 1334 2142 fluens
1352 2093 1533 2156 Dirce,x
1551 2105 1744 2144 ten-ere
1768 2095 1934 2144 obsti-

414 2169 558 2206 natos
576 2168 827 2224 poterant,
852 2159 948 2206 nisi
970 2157 1246 2209 destinatos
1263 2162 1389 2210 sorti
1410 2179 1528 2212 suae
1550 2164 1792 2228 superbia
1811 2181 1935 2230 per-

411 2223 639 2272 didisset.
680 2223 885 2289 Quippe
906 2227 1164 2276 maiorum
1184 2229 1399 2292 gloriam
1418 2229 1691 2291 intuentes,
1733 2247 1761 2278 a
1791 2249 1932 2295 quo-

389 2287 533 2341 ·t·u'm'
540 2290 777 2342 moribus
799 2292 951 2354 longe
971 2307 1302 2356 recesserant,
1343 2307 1394 2343 et
1415 2297 1469 2344 in
1492 2295 1783 2363 disparibus
1805 2299 1931 2347 arti-

407 2359 505 2408 bus
546 2354 765 2406 eandem
804 2357 900 2405 sibi
944 2359 1207 2410 fortunam
1238 2363 1470 2428 polliciti,
1511 2365 1706 2430 patriae
1725 2366 1934 2416 ruinam

409 2427 829 2483 acceleraverunt,
872 2440 991 2472 cum
1029 2427 1268 2490 adversus
1297 2430 1500 2496 triginta
1541 2429 1798 2495 peditum,
1837 2436 1932 2482 tria

410 2495 645 2558 equitum
662 2490 851 2548 millia,
884 2507 1106 2558 eumque
1127 2506 1422 2544 veteranum
1444 2509 1494 2546 et
1511 2497 1660 2546 toties
1681 2499 1936 2550 victorem

412 2560 707 2620 exercitum,
750 2557 923 2621 paullo
961 2561 1081 2624 plus
1122 2560 1300 2610 decem
1337 2575 1656 2612 armatorum
1698 2567 1934 2616 millibus
