2084 3009
389 246 520 341 19'5·¹
913 285 983 352 Q.
1054 283 1382 338 c-vst‘ru

387 384 628 433 obruunt.
692 380 899 435 Penitus
920 383 1089 443 hieme
1109 384 1335 435 defossae
1354 385 1530 435 latent.
1631 382 1771 435 Cum
1792 387 1912 439 nive

386 450 614 501 discussa
629 452 814 519 aperiri
832 452 1021 503 humus
1043 454 1213 517 coepit
1232 454 1378 503 coelo
1390 453 1589 517 solique
1600 452 1911 505 redduntur.

387 516 628 569 Ceterum
647 516 774 569 adeo
795 521 923 570 altae
935 521 1075 570 nives
1096 531 1337 587 premunt
1356 531 1561 581 terram,
1581 521 1703 585 gelu
1723 532 1777 570 et
1794 539 1911 586 per-

325 622 346 629 -
384 597 540 651 petuo
559 602 715 651 paene
737 588 904 651 rigore
925 590 1241 649 constrictae,
1254 598 1312 637 ut
1322 604 1386 637 ne
1406 588 1581 636 avium
1592 584 1824 651 quidem,
1838 588 1909 637 fe·

387 670 534 702 raeve
551 654 704 701 ullius
716 655 989 719 vestigium.
1000 666 1177 705 exstet.
1217 654 1450 703 Obscura
1463 654 1593 703 coeli
1603 656 1774 704 verius
1782 672 1909 704 um-

388 720 495 779 bra,
509 736 663 783 quam
677 722 792 783 lux,
812 722 952 771 nocti
965 721 1146 772 similis
1154 722 1343 789 premit
1366 732 1582 783 terram,
1601 722 1687 770 vix
1699 732 1759 770 ut
1778 738 1907 787 quae

387 802 548 854 prope
560 794 695 846 sunt,
711 789 930 854 conspici
975 790 1152 838 ossint.
1163 790 1223 838 In
1235 788 1329 837 hac
1348 799 1519 837 tamen
1532 790 1703 837 omnis
1716 788 1909 837 huma-

387 852 442 901 ni
460 853 626 902 cultus
638 854 912 905 solitudine
971 857 1203 905 estitutus
1224 856 1489 916 exercitus,
1510 854 1768 920 quidquid
1789 871 1909 904 ma·-

388 919 562 969 lorum
579 921 786 971 tolerari
805 934 990 989 potest,
1011 924 1247 989 pertulit,
1267 922 1519 987 inopiam,
1539 922 1703 985 frigus
1719 959 1734 984 ,
1756 923 1909 971 lassi·-

388 986 618 1035 tudinem
632 1024 646 1049 ,
707 988 1133 1055 desperat‘mnem.
1199 990 1391 1040 Multos
1424 989 1745 1039 examinavit.
1764 989 1909 1052 rigor

388 1054 618 1101 insolitus
639 1055 791 1117 nivis3
830 1058 1121 1107 multorum
1142 1056 1335 1105 adussit
1350 1054 1533 1122 pedes:
1553 1055 1911 1119 plurimorum

391 1120 551 1167 oculis
572 1123 841 1186 praecipue
859 1124 1201 1187 perniciabilis
1225 1123 1338 1176 fuit.
1407 1121 1617 1187 Fatigati
1644 1122 1837 1187 quippe
1860 1123 1912 1169 in

389 1186 499 1250 ipso
540 1188 660 1248 gelu
689 1185 968 1238 deficientia
1007 1206 1221 1255 corpora
1258 1189 1574 1239 sternebant:
1614 1205 1746 1254 quae
1788 1205 1913 1237 cum

389 1252 583 1311 moveri
605 1251 894 1319 desissent,¹
911 1257 988 1305 vis
1008 1256 1211 1321 frigorIs
1231 1258 1300 1305 ita
1320 1254 1660 1321 adstringebat
1673 1289 1687 1311 ‚
1709 1265 1767 1303 ut
1777 1272 1913 1303 »rur-

390 1334 474 1366 sus
497 1317 562 1365 ad
581 1321 896 1381 surgendum
915 1326 1109 1373 conniti
1128 1341 1234 1377 non
1252 1335 1477 1389 possent.
1570 1320 1620 1370 A
1639 1323 1913 1371 commili—

387 1382 592 1433 tbnibus
602 1395 859 1451 torpentes
881 1391 1249 1441 excitabantur:
1268 1406 1431 1454 neque
1456 1388 1597 1438 aliud
1616 1388 1914 1437 remedium

390 1462 512 1512 erat,
532 1468 690 1516 quam
707 1464 766 1502 ut
786 1454 978 1519 ingredi
1002 1450 1315 1521 cogerentur.
1382 1456 1521 1505 Tum
1544 1454 1758 1504 demum
1776 1456 1912 1504 vita·-

391 1517 430 1564 li
451 1516 614 1566 calore
637 1530 798 1579 moto,
818 1520 1069 1569 membris
1090 1522 1271 1583 aliquis
1290 1520 1490 1571 redibat
1507 1523 1671 1587 vigor.
1739 1518 1798 1569 Si
1821 1522 1915 1587 qui

391 1586 590 1647 ‚tuguria
610 1586 946 1634 barbarorum
966 1586 1105 1635 adire
1125 1598 1423 1651 potuerunt,
1482 1589 1711 1637 celeriter
1729 1588 1912 1637 resecti

391 1661 523 1699 sunt.
593 1650 697 1701 Sed
715 1662 854 1701 tanta
874 1654 1037 1717 caligo
1058 1664 1185 1711 erat,
1224 1664 1282 1701 ut
1300 1653 1523 1702 aedificia
1542 1655 1683 1703 nulla
1704 1655 1807 1703 alia
1825 1672 1909 1704 res

391 1731 548 1781 quam
567 1716 739 1766 sumus
759 1720 1066 1771 ostenderet.
1131 1716 1217 1767 1111
1242 1734 1509 1783 nunquam
1536 1731 1650 1769 ante
1680 1721 1735 1771 in
1754 1722 1909 1771 terris

392 1783 494 1831 suis
527 1780 719 1831 advena
744 1786 880 1847 viso,
921 1802 1040 1835 cum
1060 1797 1283 1834 armatos
1311 1797 1516 1851 repente
1536 1788 1911 1852 conspicerent,

393 1850 663 1898 exanimati
683 1862 841 1913 metu,
864 1848 1118 1915 quidquid
1136 1854 1188 1901 in
1200 1852 1413 1915 tuguriis
1433 1866 1563 1909 erat,
1614 1854 1913 1914 afferebant,

394 1924 457 1965 ut
495 1915 810 1983 corporibus
849 1918 1091 1986 ipsorum
1118 1927 1447 1986 parceretur
1484 1930 1703 1968 orantes.
1802 1920 1915 1969 Rex

395 1999 580 2048 agmen
599 1985 900 2036 circumibat
929 1983 1087 2051 pedes
1109 2020 1124 2049 ‚
1182 1987 1397 2035 iacentes
1419 1984 1671 2051 quosdam
1690 1986 1914 2050 erigens,

395 2062 445 2098 et
466 2052 591 2100 alios
604 2088 618 2113 ‚
640 2067 760 2103 cum
779 2070 926 2119 aegre
948 2063 1306 2119 sequerentur,
1322 2050 1329 2056 ’
1348 2050 1672 2102 adminiculo.
1683 2069 1763 2101 σοι
1812 2054 1916 2101 oris

393 2119 473 2165 sui
494 2120 766 2183 excipiens.
802 2122 953 2171 Nunc
972 2120 1037 2170 ad
1058 2120 1226 2185 prima
1245 2120 1413 2184 signa,
1432 2135 1569 2167 nunc
1588 2119 1640 2165 in
1659 2071 1911 2171 med‘ium.

393 2185 593 2234 nuncin
613 2188 800 2237 ultimo
813 2190 1014 2254 agmine
1027 2188 1221 2237 itineris
1230 2186 1567 2252 multiplicato
1580 2186 1759 2234 labore
1782 2184 1909 2234 ade-

395 2262 496 2315 rat:-⁸
505 2250 741 2303 Tandem
751 2254 815 2303 ad
826 2257 1038 2306 cultiora
1049 2265 1352 2320 perventum
1362 2254 1475 2302 loca
1485 2264 1572 2311 est,
1592 2263 1912 2301 commeatu·

394 2334 494 2382 quc
507 2318 650 2383 largo
663 2333 915 2373 recreatus
927 2323 1177 2372 exercitus
1190 2338 1202 2370 t
1222 2321 1378 2371 simul
1392 2333 1441 2369 et
1452 2320 1536 2385 qui
1550 2320 1797 2383 consequi
1805 2336 1909 2366 non

394 2394 691 2449 potuerant,
741 2388 796 2437 in
814 2390 904 2439 illa
924 2400 1085 2438 castra
1100 2398 1366 2439 venerunt.
1431 2384 1558 2437 Inde
1578 2400 1763 2450 agmen
1782 2401 1912 2450 pro-

395 2454 546 2501 cessit
576 2452 642 2502 ad
669 2452 955 2504 Caucasum
989 2466 1256 2517 montem,
1302 2455 1445 2503 cuius
1483 2452 1697 2503 dorsum
1729 2448 1913 2501 Asiam

391 2531 638 2584 perpetuo
659 2522 780 2585 iugo
803 2520 1008 2571 dividit:
1027 2522 1146 2571 hinc
1165 2522 1324 2571 simul
1336 2538 1496 2583 mare,
1588 2517 1657 2569 od
1678 2516 1913 2569 Ciliciam

395 2583 545 2645 subit,
565 2586 706 2635 illinc
729 2586 973 2651 Caspium
991 2588 1197 2650 fretum,
1216 2598 1267 2638 et
1290 2604 1497 2639 amnem
1563 2602 1759 2644 raxem,
1779 2585 1909 2633 alia-

396 2663 492 2709 que
509 2653 732 2713 regionis
755 2652 987 2719 Scythiae
1004 2654 1203 2705 deserta
1222 2666 1431 2719 spectat.
1485 2652 1699 2715 Taurus,
1720 2668 1909 2700 secun·-

398 2712 487 2761 dae
509 2718 868 2781 magnitudinis
889 2736 1040 2769 mons
1053 2756 1069 2782 ‚
1092 2722 1429 2771 committitur
1449 2718 1668 2771 Caucaso
1682 2754 1695 2773 ·
1716 2735 1745 2765 a
1768 2716 1900 2782 Cap·
