2084 3009
595 188 926 241 LIBER
1015 191 1201 257 VI..
1334 154 1341 159 ἱ
1516 204 1615 261 177

83 286 804 356 eonsummato'parricidio.
871 292 949 340 At
967 291 1107 341 mihi
1126 294 1481 348 securitatem
1496 302 1617 366 pri-

81 378 230 414 mum
260 358 586 415 innocentia
617 373 738 406 mea
751 390 786 417 ,-
807 356 1000 409 deinde
1033 360 1235 411 dextra
1274 372 1374 413 tua
1394 366 1614 419 obtule..

79 438 250 479 rant.-
281 442 394 475 non
415 425 604 482 timui,
647 441 715 473 ne
726 423 859 490 plus
879 426 1094 477 alienae
1120 430 1442 481 crudelitati
1459 436 1617 501 apud

79 505 133 547 te
151 494 364 545 liceret
377 529 390 552 ,
433 508 598 559 quarn
617 492 940 541 clementiae
973 503 1123 545 tuae.
1190 499 1299 547 Sed
1314 516 1383 549 ne
1403 508 1459 549 te
1482 502 1621 553 mihi

79 561 398 613 credidisse
415 558 717 625 poeniteat,
739 576 830 607 res
850 561 928 608 ad
944 580 1024 611 me
1044 562 1406 629 deferebatur
1426 584 1461 615 a
1472 584 1615 633 pue-

80 647 156 689 ro,
195 628 303 697 qui
336 642 447 675 non
479 633 699 684 testem,
741 642 849 675 non
869 631 1089 696 pignus
1110 629 1309 679 indicii
1357 634 1613 686 exhibere

75 703 339 765 poterat,
382 690 704 758 impleturus
724 709 908 742 omnes
927 704 1103 754 metu,
1142 698 1197 745 si
1214 701 1485 765 coepisset
1505 717 1615 757 aue

77 764 208 814 diri.
284 760 574 810 Amatoris
606 768 662 807 et
690 761 865 808 scorti
901 760 1089 828 iurgio
1128 763 1412 830 interponi
1445 785 1612 821 aures

74 848 234 881 meas
255 824 482 878 credidi
497 825 692 892 infelix
700 846 728 884 ,·
779 826 1020 891 etfidem
1039 829 1158 879 eius
1177 842 1486 896 suspectam
1506 834 1612 885 ha..

75 898 196 959 hui,
243 894 398 965 quod
428 910 536 942 non
558 894 676 959 ipse
713 892 978 958 deferret,
1017 894 1122 943 sed
1137 896 1387 963 fratrem
1419 904 1612 966 potius

72 966 437 1017 subornaret.
509 960 713 1019 Timui,
760 976 830 1009 ne
849 969 1088 1028 negaret
1108 964 1405 1014 mandasse
1426 984 1485 1015 se
1509 970 1612 1017 Οε-

72 1031 287 1089 balino,
313 1036 372 1077 et
391 1044 496 1095 ego
515 1027 736 1077 viderer
755 1026 940 1075 multis
957 1029 1253 1079 amicorum
1272 1034 1422 1101 regis
1429 1031 1612 1099 fuisse

63 1096 327 1169 periculi
345 1110 539 1143 causa.
569 1095 662 1144 Sic
683 1109 892 1163 quoque
908 1112 1027 1145 cum
1051 1094 1305 1147 laeserim
1324 1100 1606 1162 neminem,

70 1164 284 1225 inveni,
309 1163 406 1240 qui
426 1160 615 1211 mallet
623 1162 814 1227 perire
831 1181 932 1222 me,
954 1180 1118 1231 quam
1136 1164 1446 1218 incolumen
1462 1170 1625 1223 esses'

109 1233 215 1285 uid
233 1229 656 1281 inimicitiarum
677 1229 907 1279 creditis
926 1240 1273 1297 excepturum
1278 1234 1473 1301 fuisse
1484 1271 1500 1296 ‚
1554 1254 1609 1286 st

67 1306 336 1359 msontes
357 1294 750 1357 lacessi-wem?
761 1296 844 1344 At
859 1296 1002 1345 enim
1011 1298 1261 1366 Dymnus
1280 1318 1339 1351 se
1360 1302 1561 1351 occidit
1573 1302 1607 1351 P

64 1369 224 1419 Num
243 1363 426 1433 igitur
474 1372 726 1413 acturum
737 1363 1123 1411 eumdivinare
1134 1366 1299 1429 potui
1318 1365 1349 1413 Ρ
1372 1367 1607 1417 minime.

62 1436 162 1485 Ita
186 1430 344 1503 quod
358 1446 420 1478 so
441 1448 531 1479 um
549 1430 754 1480 indicio
758 1428 936 1495 fidem
937 1428 1089 1497 fecit
1107 1466 1121 1489 ,
1180 1430 1243 1479 id
1259 1448 1369 1491 me,
1429 1448 1550 1481 cum
1568 1449 1607 1483 a

66 1498 348 1565 Cebalino
366 1496 755 1564 interpellatus
781 1513 930 1558 sum,
987 1512 1200 1546 movere
1229 1514 1341 1546 non
1358 1508 1607 1565 poterat·

60 1570 144 1619 At
164 1563 414 1621 hercule,
437 1564 492 1612 si
509 1563 759 1615 conscius
789 1566 1002 1629 Dymno
1033 1563 1183 1613 tanti
1208 1563 1605 1634 scelerisfuis-

61 1653 188 1692 ,sem
201 1668 218 1693 ‚
261 1630 428 1681 biduo
448 1629 542 1679 illo
551 1630 805 1696 proditos
827 1646 946 1679 esse
963 1646 1090 1690 nos,
1132 1631 1477 1683 dissimulare
1496 1651 1604 1685 non

63 1702 242 1753 debui
249 1717 270 1747 .·
309 1740 316 1747 .
335 1696 629 1747 Cebalinus
653 1698 770 1760 ipse
794 1695 916 1746 tolli
933 1698 1000 1747 de
1018 1699 1191 1747 medio
1210 1697 1356 1748 nullo
1375 1702 1603 1771 negotio

58 1767 279 1839 potuit.
347 1764 567 1815 Deinde
593 1773 718 1829 post
738 1763 984 1813 delatum
1005 1764 1286 1829 indicium,
1327 1784 1431 1836 quo
1442 1770 1602 1836 peri-

64 1848 240 1888 turus
261 1847 442 1894 eram,
484 1828 793 1885 cubiculum
813 1831 970 1899 regis
989 1832 1139 1882 solus
1158 1834 1399 1897 intravi,
1434 1835 1601 1903 ferro

63 1902 293 1975 quidem
311 1900 544 1953 cinctus.
619 1898 729 1947 Cur
750 1897 943 1947 distuli
943 1897 1182 1963 facinus
1196 1900 1231 1951 ?
1248 1917 1325 1951 an
1344 1903 1465 1951 sine
1485 1904 1605 1967 Dy-

63 1986 197 2022 mno
221 1982 338 2017 non
359 1978 478 2015 sum
493 1981 669 2015 ausus
682 1964 713 2013 ?
744 1964 846 2013 Ille
868 1965 1049 2033 igitur
1058 1968 1319 2033 princeps
1340 1969 1600 2016 coniura-

61 2036 248 2088 tioni-s
263 2032 406 2102 fuit.
475 2031 588 2083 Sub
625 2028 780 2081 illius
817 2032 1008 2081 umbra
1043 2033 1301 2083 Philotas
1338 2032 1596 2092 latebam,

62 2105 169 2175 qui
185 2097 428 2170 regn'u‘m
450 2098 824 2151 Macedonum
843 2098 1057 2162 affecto.
1159 2102 1233 2148 Et
1254 2098 1378 2168 quis
1396 2117 1425 2147 e
1442 2099 1597 2150 vobis

63 2177 372 2237 corruptus
392 2176 480 2215 est
501 2165 662 2215 donis
675 2165 706 2215 P
761 2183 922 2234 quem
941 2166 1161 2224 ducem,
1237 2182 1355 2217 uem
1367 2165 1596 2234 praefe-

66 2248 222 2288 ctum
242 2233 542 2303 impensius
563 2230 745 2281 colui?
763 2232 909 2282 Mihi
923 2232 1142 2299 quidem
1161 2248 1192 2279 o
1231 2231 1433 2295 ficitur,
1454 2232 1599 2303 quod

63 2305 402 2356 societatem
413 2299 593 2366 patrii
607 2300 869 2357 sermonis
893 2314 1157 2364 asperner
1166 2318 1193 2357 ,·
1232 2298 1377 2367 quod
1395 2302 1597 2353 Mace-

62 2374 276 2423 donum
294 2384 474 2433 mores
487 2366 795 2434 fastidiam.
861 2366 952 2414 Sic
973 2380 1107 2433 ergo
1137 2366 1391 2432 imperio,
1450 2368 1598 2441 quod
1666 2399 1672 2415 Ι

61 2438 367 2507 dedignor,
394 2434 662 2484 imminet).
743 2433 868 2482 Iam
877 2432 1100 2498 pridem
1116 2434 1340 2483 nativus
1356 2434 1451 2485 ille
1473 2430 1597 2485 ser-

59 2522 158 2557 mo
179 2500 500 2554 commercio
518 2498 755 2551 aliarum
769 2500 1024 2568 gentium
1044 2500 1311 2551 exolevit.-
1369 2511 1486 2550 tam
1506 2499 1597 2549 vi-

61 2569 320 2623 cton'bus
330 2605 347 2629 ,
368 2583 534 2639 quam
550 2566 744 2637 pictis,
776 2566 1087 2634 peregrina
1111 2567 1308 2638 lingua
1328 2564 1594 2617 discenda

59 2645 181 2691 eet.
249 2638 374 2687 Non
397 2633 691 2687 mehercule
716 2633 832 2684 ista
849 2650 934 2687 me
953 2633 1401 2751 magiffiaedunt,
1429 2648 1591 2698 quam

145 2704 418 2758 Crann-
817 2730 844 2763 ψ,
