2084 3009
442 175 551 232 272
978 167 1048 236 Q.
1115 160 1492 246 (.*.Vl³t'l'11‚v

386 267 391 270 ’
442 273 661 340 dzjfi'cari
681 271 865 342 iubet*
879 279 943 320 ut
962 285 1087 320 cum
1105 278 1290 320 totam
1309 271 1510 322 Asiam
1531 271 1978 339 percurris-rent,

442 342 607 406 finem
626 348 903 390 terrarum
914 355 1065 389 mare
1081 338 1371 388 Inviseret.
1395 339 1562 388 Multa
1576 341 1792 388 materia
1814 359 1980 389 nava-

438 411 505 458 lis
526 410 579 455 iu
596 408 844 474 proximis
862 407 1128 456 montibus
1153 417 1290 454 erat:
1323 423 1480 470 quam
1499 402 1706 472 caedere
1731 408 1981 470 aggressi,

405 467 420 487 ⁵
436 469 807 538 ma'gnitudinis
846 475 1114 524 inusitatae
1144 491 1388 538 ,reperere
1424 486 1702 540 serpentes.
1773 473 1980 524 Rhino-

437 555 627 592 cerotes
649 558 883 607 quoque,
906 559 1082 604 rarum
1103 541 1227 589 alibi
1245 541 1441 590 animal
1456 579 1469 603 ,
1492 544 1543 591 in
1567 541 1752 590 iisdem
1773 543 1981 590 monti-

434 609 532 668 bus
555 622 712 658 erant.
782 608 1025 658 Ceterum
1060 609 1160 657 hoc
1182 625 1373 657 nomeu
1395 610 1584 658 belluis
1605 610 1674 656 eis
1697 607 1930 658 inditum
1954 627 1980 656 a

435 676 669 727 Graecis:
698 678 951 725 sermonis
984 677 1093 725 eius
1115 677 1277 740 ignari
1309 673 1451 724 aliud
1481 678 1657 740 lingua
1691 693 1783 724 sua
1815 693 1982 724 usur-

432 755 573 811 pant.
591 744 711 804 Rex,
725 743 924 792 duabus
936 743 1152 792 urbibus
1177 741 1392 806 conditis
1415 744 1468 790 in
1490 755 1706 807 utraque
1726 742 1978 804 fluminis,

367 864 369 866 v
434 809 577 875 quod
592 821 929 875 superaverat,
950 811 1078 876 ripa,
1099 811 1366 876 copiarum
1384 808 1539 859 duces
1555 811 1760 858 coronis
1781 819 1834 857 et
1850 812 1980 860 mil-

432 877 482 926 le
504 877 672 926 aureis
695 877 927 941 singulos
950 877 1133 927 donat:
1173 878 1352 926 ceteris
1375 894 1581 942 quoque
1601 894 1696 942 pro
1730 878 1978 942 portione

434 955 522 994 aut
540 943 756 1008 gradus,
798 961 955 1009 quem
974 947 1029 994 in
1057 945 1242 994 militia
1273 945 1600 1007 obtinebant,
1640 956 1730 993 aut
1762 957 1978 994 navatae

433 1029 647 1078 operae,
669 1011 834 1060 honos
856 1011 1058 1062 habitus
1081 1023 1172 1062 est.
1239 1009 1509 1076 Abisares,
1535 1014 1624 1077 qui
1646 1013 1792 1078 prius
1817 1029 1978 1077 quam

354 1081 359 1086 ’
431 1095 555 1129 cum
572 1076 708 1127 Poro
732 1077 1088 1140 dimicaretur,
1125 1081 1320 1142 legatos
1341 1078 1409 1126 ad
1427 1075 1790 1134 Alexandnnn
1811 1082 1977 1129 mise·-

430 1155 537 1204 ηε,
567 1161 744 1192 rursus
766 1145 889 1216 ξιὶἱοε
908 1145 1050 1192 misit
1064 1181 1076 1204 ,
1098 1145 1398 1209 pollicentes
1413 1182 1427 1206 ,
1470 1146 1656 1196 omnia
1661 1145 1975 1214 facturum,

432 1227 574 1280 quae
595 1211 919 1277 imperasset
940 1245 955 1270 ‚
994 1213 1150 1261 modo
1173 1229 1239 1262 ne
1268 1221 1556 1281 cogeretur
1586 1229 1784 1280 corpus
1817 1231 1976 1264 suum

434 1277 663 1328 dedere:
686 1294 856 1347 neque
880 1278 1025 1330 enim
1056 1287 1162 1330 aut
1179 1279 1298 1329 sine
1335 1279 1497 1348 regio
1526 1281 1753 1347 imperio
1785 1283 1976 1332 victu—

434 1361 555 1394 rum
567 1379 583 1403 ,
606 1353 711 1394 aut
730 1354 1094 1414 regnaturum
1115 1364 1236 1397 esse
1261 1351 1560 1414 captivum.
1620 1347 1720 1398 Cui
1738 1345 1976 1400 Alexan-

354 1467 361 1470 „
435 1413 528 1463 der
548 1414 768 1462 nuntiari
788 1415 953 1474 iussit,
976 1413 1029 1464 si
1035 1441 1038 1444 ·
1042 1423 1382 1483 gravaretur
1401 1417 1544 1465 adse
1564 1415 1774 1478 venire,
1798 1416 1977 1480 ipsum

434 1478 518 1529 ad
534 1497 655 1530 eum
674 1495 793 1530 esse
812 1489 1116 1532 venturum.
1149 1483 1280 1530 Hinc
1299 1481 1435 1531 Poro
1458 1499 1710 1548 amneque
1733 1497 1977 1550 superato

436 1545 502 1596 nd
532 1548 774 1596 interiora
804 1547 985 1598 Indiae
1017 1551 1282 1614 processit.
1351 1549 1521 1599 Silvae
1553 1562 1697 1600 erant
1726 1568 1888 1618 prope
1921 1555 1976 1603 in

435 1613 755 1662 immensum
766 1617 989 1680 spatium
1002 1615 1230 1678 diffusae,
1241 1619 1568 1684 procerisque
1581 1629 1630 1668 et
1651 1619 1703 1666 in
1725 1620 1975 1671 eximiam

436 1680 763 1730 altitudinem
792 1681 937 1737 editis
965 1683 1233 1733 arboribus
1263 1685 1554 1746 umbrosae.
1610 1685 1851 1751 Plerique
1883 1705 1974 1737 ra·-

432 1747 508 1795 mi
534 1748 691 1795 instar
707 1750 998 1810 ingentium
1020 1753 1256 1817 :atipitum
1270 1754 1388 1802 flexi
1410 1755 1464 1802 in
1485 1754 1732 1815 humum,
1774 1758 1982 1816 rursus‚'

434 1829 605 1878 quase
628 1829 955 1864 curvaverant
969 1853 981 1875 ‚
1006 1820 1329 1884 crIgebantglr
1349 1819 1504 1882 adeo,
1545 1832 1604 1870 ut
1624 1823 1818 1886 species
1839 1833 1972 1872 esset

434 1899 543 1930 non
562 1881 693 1928 rami
718 1885 1027 1944 resurgentis
1041 1919 1056 1943 ,
1097 1882 1188 1932 sed
1209 1886 1402 1934 arboris
1425 1905 1485 1936 ex
1507 1905 1596 1936 sua
1618 1887 1787 1936 radice
1810 1905 1969 1953 gene-

432 1960 592 1998 ratae.
665 1945 811 1996 Coeli
833 1951 1106 2016 temperies
1129 1953 1373 2002 salubris:
1414 1956 1603 2021 quippe
1631 1958 1812 2006 etvini
1843 1957 1967 2006 solis

432 2017 645 2082 umbrae
667 2015 851 2077 levant,
865 2027 921 2066 et
942 2017 1106 2084 aquae
1123 2020 1293 2084 largae
1314 2035 1526 2070 manant
1551 2041 1576 2070 e
1597 2024 1844 2072 fontibus.
1867 2023 1970 2073 Ce-

432 2096 605 2133 terum
626 2082 708 2130 hic
727 2101 933 2148 quoque
952 2089 1268 2152 serpentium
1287 2105 1470 2154 magna
1491 2091 1564 2139 vis
1587 2102 1708 2146 erat,
1741 2094 1972 2156 squamis

431 2150 692 2212 fulgorem
712 2152 1196 2204 a11rire‹l‹lentibus.
1254 2156 1409 2207 Virus
1431 2156 1569 2206 haud
1597 2159 1770 2207 ullum
1801 2161 1972 2224 magis

430 2217 650 2266 noxium
671 2229 747 2265 est
760 2253 776 2280 ,
820 2221 1009 2286 quippe
1029 2239 1266 2272 morsum
1287 2241 1522 2290 praesens
1542 2242 1686 2275 mors
1710 2227 1938 2290 sequeba
1955 2259 1971 2266 -

430 2295 543 2343 tur3
566 2282 733 2332 donec
752 2284 816 2333 ab
837 2287 1019 2337 incolis
1034 2290 1334 2340 remedium
1353 2293 1586 2340 oblatum
1608 2306 1698 2342 est.
1723 2293 1858 2344 Hinc
1877 2312 1998 2361 peri

428 2350 629 2400 deserta
641 2362 860 2420 ventum
878 2367 954 2404 est
970 2355 1035 2404 ad
1054 2359 1248 2406 flumen
1265 2357 1576 2426 Hydraoten.
1597 2360 1840 2410 Iunctum
1863 2374 1972 2415 erat

431 2417 632 2468 {lumini
652 2435 849 2480 nemus,
864 2440 1085 2487 opacum
1105 2425 1371 2476 arboribus
1391 2425 1798 2491 alibi'inusitatis,
1821 2447 1974 2494 agre-

428 2487 693 2549 otiumque
714 2503 974 2550 pavonum
996 2490 1324 2541 multitudine
1346 2493 1606 2559 frequens.
1667 2495 1859 2547 Castris
1881 2497 1971 2547 in-

430 2549 498 2598 de
518 2553 689 2628 motis,
708 2552 961 2616 oppidum
984 2555 1122 2604 haud
1143 2561 1327 2622 procul
1348 2563 1580 2628 postium
1599 2580 1791 2612 corona
1814 2567 1970 2630 capit,

430 2615 793 2682 obsidibus-que
824 2624 1039 2689 acceptis
1065 2626 1384 2691 stipendium
1413 2631 1656 2694 imponit.
1725 2629 1814 2680 Ad
1844 2649 1970 2682 ma·-
