2084 3009
421 148 521 203 150
948 138 1017 205 Q.
1087 134 1415 190 cvnru
1473 198 1488 215 Ι

412 245 515 311 ipsa
531 246 587 293 in
608 242 813 292 hostem
833 254 1162 307 retorquens3
1199 239 1367 289 donec
1396 239 1572 287 lancea
1593 234 1749 287 nudo
1769 246 1951 305 pecto·

413 314 458 363 ri
481 313 631 361 infixa
652 320 751 359 est:
788 326 888 374 qua
908 327 973 359 ex
990 311 1202 360 vulnere
1224 308 1422 367 evulsa,
1443 307 1770 365 inclinatum
1785 323 1847 354 ac
1865 301 1957 353 de-

418 380 585 429 ficiens
606 388 759 443 caput
778 378 958 443 clypeo
973 376 1237 443 paulisper
1257 374 1480 438 excepit}
1501 372 1704 421 deinde
1723 374 1958 437 linquen-

416 458 465 497 te
486 446 669 511 spiritu
699 444 891 510 pariter
919 462 979 493 ac
1007 442 1282 506 sanguine,
1337 440 1699 492 moribundus
1731 441 1787 488 in
1822 448 1954 487 arma

414 513 709 579 procubuit.
778 509 1021 561 Cecidere
1041 507 1579 559 Lacedaemoniorum
1600 522 1637 555 v
1667 508 1873 567 millia,
1909 515 1953 553 et

418 596 591 629 cccnx
608 597 623 628 ι
671 596 734 629 ex
752 576 1126 628 Macedonibus
1147 574 1284 625 haud
1305 575 1528 641 a‘mplius
1553 589 1658 623 ccc
1672 591 1688 624 t
1734 586 1950 624 ceterum

416 648 500 698 vix
535 648 811 712 quisquam
844 646 941 695 nisi
981 646 1182 697 saucius
1223 643 1429 693 revertit
1467 642 1525 690 in
1565 654 1762 691 casn-a.
1776 686 1786 692 .
1827 640 1946 689 Haec

416 714 627 763 victoria
644 731 752 762 non
774 712 1013 778 Spartam
1032 710 1211 773 modo,
1236 710 1508 774 sociosque
1535 709 1672 771 eius,
1697 706 1796 759 sed
1813 708 1944 758 etiam

416 796 621 840 omnes,
696 781 750 827 ui
772 780 1040 828 fortunam
1059 780 1184 828 belli
1205 786 1584 844 spectaverant,
1606 776 1794 840 fregit.
1855 774 1951 823 Nec

416 846 626 895 fallebat
657 798 1020 913 {utipatrum,
1059 844 1325 895 dissentire
1359 843 1424 893 ab
1459 842 1654 893 animis
1691 842 1952 907 gratulan-
2032 896 2033 907 ἵ

416 914 553 962 tium
569 914 768 975 vultum
825 912 916 962 sed
932 914 1137 962 bellum
1155 913 1299 961 finire
1321 910 1548 975 cupienti
1569 925 1718 975 opus
1742 919 1854 959 erat
1871 906 1952 957 de-
2032 908 2033 917 ¹

420 981 543 1045 cipi.
608 980 677 1029 Et
709 996 1025 1046 quamquam
1057 980 1262 1029 fortuna
1299 994 1474 1027 rerum
1510 978 1791 1042 placebat3
1831 974 1953 1025 invi·

412 1045 561 1095 diam
579 1058 752 1095 tamen
765 1082 779 1109 ,
800 1048 919 1111 quia
936 1047 1160 1095 maiores
1180 1063 1260 1095 res
1281 1056 1439 1105 erant,
1467 1060 1630 1107 quam
1655 1061 1794 1109 quas
1813 1059 1956 1109 prae·-

418 1113 538 1161 fecti
574 1111 761 1161 modus
792 1126 1019 1177 caperet,
1055 1113 1332 1163 metuebat.
1403 1112 1612 1177 Quippe
1657 1108 1953 1161 Alexander
2032 1118 2033 1121 ’

420 1178 590 1227 hostes
610 1180 745 1227 vinci
763 1182 1023 1241 voluerat3
1069 1176 1404 1244 Antipatrum
1419 1178 1600 1227 vicisse
1613 1214 1628 1239 ,
1687 1196 1760 1227 ne
1781 1178 1952 1227 tacitus

420 1243 633 1310 quidem
670 1245 1057 1311 indignabatur3
1121 1257 1241 1295 suae
1273 1244 1508 1293 demtum
1537 1245 1748 1308 gloriae
1779 1244 1950 1293 existi-

418 1329 565 1362 mans
577 1347 594 1373 ,
654 1313 907 1380 quidquid
928 1314 1158 1363 cessisset
1178 1314 1389 1362 alienae.
1453 1310 1637 1376 Itaque
1662 1308 1950 1376 Antipater,

420 1382 509 1445 qui
528 1381 689 1447 probe
709 1392 885 1433 nosset
904 1382 1144 1447 spiritum
1164 1381 1286 1438 eius,
1306 1396 1413 1427 nou
1433 1390 1509 1427 est
1528 1394 1689 1427 ausus
1713 1380 1832 1445 ipse
1851 1393 1954 1441 age·

418 1460 475 1495 re
498 1449 702 1497 arbitria
723 1450 988 1510 victoriae3
1029 1442 1122 1497 sed
1143 1447 1417 1497 consilium
1439 1444 1772 1494 Graecorum
1788 1482 1804 1506 ,
1827 1441 1954 1514 quid

416 1512 551 1578 fiere*
556 1513 842 1579 placeret,
864 1516 1143 1565 consuluit.
1210 1511 1259 1561 A
1281 1531 1384 1577 quo
1403 1511 1846 1573 Lacedaemonii,
1872 1510 1954 1561 ni-

420 1578 681 1629 hil-aliud
698 1594 863 1661 quam
884 1591 949 1630 ut
976 1590 1226 1631 oratores
1259 1580 1480 1630 mittere
1501 1578 1582 1628 ad
1599 1596 1808 1649 regem
1827 1578 1950 1629 liee-

381 1693 387 1701 ,
421 1654 511 1693 ret
528 1660 733 1711 precati,
752 1650 955 1698 veniam
976 1648 1278 1697 desectionis
1299 1658 1500 1714 praeter
1519 1661 1766 1697 auctores
1791 1648 1952 1712 impe-

422 1722 701 1763 traverunt.
767 1715 1207 1781 Megalopolitani,
1231 1728 1454 1779 quorum
1473 1715 1598 1765 urbs
1619 1726 1738 1765 etat
1757 1716 1950 1791 obsessa

340 1836 346 1841 .
422 1796 451 1827 a
472 1776 780 1840 defectione,
810 1780 1027 1831 Achaeis
1051 1794 1100 1831 et
1116 1780 1318 1831 Aetolis
1341 1796 1452 1829 cxx
1472 1782 1670 1831 talenta
1693 1781 1828 1833 dare
1838 1783 1946 1839 im

421 1833 561 1895 suut.
627 1844 725 1895 Hic
737 1847 832 1895 fuit
850 1848 1013 1897 exitus
1033 1848 1179 1906 belli,
1203 1848 1344 1913 quod
1365 1860 1572 1915 repente
1594 1861 1806 1911 ortum,
1859 1850 1938 1897 riu

424 1922 594 1964 tamen
614 1913 818 1963 finitum
838 1925 941 1977 est,
964 1932 1123 1979 quam
1141 1915 1359 1965 Darium
1377 1914 1682 1966 Alexander
1701 1934 1812 1984 apu
1867 1912 1942 1965 Ax·

419 1978 535 2036 hela
568 1992 845 2047 superaret.
865 2037 869 2040 ,
1209 1987 1213 1995 “

524 2045 675 2101 CAP.
707 2049 775 2100 ΙΙ.
843 2047 950 2099 Sed
968 2060 1027 2098 ut
1045 2052 1276 2115 primum
1296 2049 1602 2099 instantibus
1637 2051 1786 2100 curIs
1815 2052 1952 2101 laxa-

420 2124 503 2163 tus
524 2128 622 2174 est,
682 2118 883 2167 animus
903 2118 1211 2167 militarium
1230 2134 1406 2167 rerum
1437 2134 1596 2181 quam
1615 2119 1820 2181 quietis
1837 2119 1952 2167 otii·
2032 2128 2033 2181 ζ

422 2197 522 2242 que
542 2183 843 2246 patientior;
864 2202 1105 2249 excepere
1127 2200 1248 2233 eum
1265 2185 1580 2249 voluptates:
1611 2196 1669 2234 et
1688 2202 1860 2251 quem
1877 2202 1955 2233 ar-
2032 2184 2033 2217 ἶ

420 2261 507 2295 ma
526 2247 797 2305 Persarum
817 2269 923 2301 uon
944 2252 1223 2316 fregerant,
1278 2252 1406 2299 vitia·
1423 2252 1681 2300 vicerunt.
1749 2252 1958 2302 Intem-
2032 2266 2033 2313 j

421 2316 614 2377 pestiva
635 2317 889 2380 convivia,
912 2330 962 2367 et
982 2316 1286 2383 perpotandi
1309 2316 1758 2383 pervigilandique
1781 2320 1959 2368 insana

422 2378 671 2442 dulcedo,
691 2380 920 2449 ludique,
942 2395 993 2434 et
1012 2401 1188 2449 greges
1207 2385 1456 2449 pellicum
1468 2420 1483 2445 ,
1502 2384 1686 2434 'omnia
1704 2387 1760 2434 iu
1785 2397 1960 2435 exter-

421 2462 551 2497 num
569 2450 707 2513 lapsa
729 2462 851 2497 suut
868 2466 1092 2501 morem.
1179 2452 1352 2515 Quem
1372 2452 1662 2500 aemulatus
1686 2453 1838 2517 quasi
1859 2469 1962 2519 po·-
2032 2502 2033 2515 χ

420 2511 609 2563 tiorem
628 2531 747 2575 suo,
798 2516 867 2562 ita
888 2517 1220 2579 popularium
1240 2518 1436 2565 animos
1457 2518 1746 2585 oculosque
1765 2520 1962 2585 pariter
2032 2538 2033 2577 ἢ

421 2578 659 2644 offendit,
678 2592 745 2631 ut·
757 2597 787 2629 a
804 2581 1062 2647 plerisque
1083 2586 1370 2635 amicorum
1388 2599 1484 2649 pro
1496 2583 1964 2638 hostehaberetuxx
2032 2586 2033 2591 ’
