2084 3009
400 47 476 119 4⁸
720 92 729 109 1
818 54 1510 109 SVPPLEMENTI

399 160 613 229 quidem
643 172 749 213 tota
781 159 1108 212 mistodiendi
1137 161 1284 229 pueri
1324 176 1443 210 eura
1458 193 1474 222 ,
1518 156 1930 227 Epaminondae,

397 231 754 280 strenuissimo
784 228 1160 281 Thebanorum
1202 226 1354 291 duci,
1408 238 1561 294 atque
1613 224 1928 295 philosopho

395 298 866 365 praestanthsimo,
902 296 997 347 hac
1042 296 1340 347 conditione
1381 294 1693 346 demandata
1723 305 1826 355 est,
1867 306 1928 344 ut

396 365 739 415 commissum
760 365 857 415 sibi
878 382 1102 430 puerum
1121 364 1396 431 diligenter
1417 375 1662 428 seruaret,
1704 374 1754 412 et
1772 376 1926 411 sum-

393 448 483 482 mo
507 430 678 489 studio
702 434 754 481 in
768 430 823 481 id
840 432 983 482 iuxta
994 434 1413 494 incumberet,ut
1431 432 1666 481 moribus
1690 428 1926 495 principe

394 498 563 564 dignis
585 510 735 563 atque
756 499 987 550 honestis
1009 498 1295 567 disciplinis
1317 516 1474 563 quam
1490 500 1688 565 optime
1710 496 1924 546 imbue-

392 578 552 617 retur.
590 566 820 617 Fovebat
845 585 907 617 ea
928 577 1226 634 tempestate
1250 564 1634 617 laudatissimus
1677 565 1922 629 princeps

391 632 540 683 domi
558 634 664 683 filio
684 648 779 684 auo
809 635 1204 701 Epaminondae
1237 645 1626 702 praeceptorem
1655 631 1922 697 Pythago-

389 702 585 763 ricum,
627 701 724 751 sub
749 719 851 767 quo
873 701 1145 771 Philippus
1173 703 1404 751 multum
1440 702 1677 767 profecit.
1716 698 1920 750 Interea

386 770 641 834 temporis
660 767 971 834 Alexander,
995 770 1198 823 insidiis
1216 770 1396 823 matris
1409 768 1694 835 Eurydices
1714 766 1921 835 appeti·-

388 836 786 909 tusaoccubuit:
830 839 921 887 cui*
934 850 1106 888 tamen
1137 849 1281 888 antea
1315 835 1594 903 Amyntas,
1635 837 1690 885 in
1721 834 1918 886 scelere

305 963 307 966 Ι
386 901 733 971 deprehensae
753 917 965 972 propter
984 922 1291 956 communes
1322 904 1540 965 liberos,
1579 906 1786 969 ignarus
1817 901 1916 950 iis-

384 968 509 1019 dem
538 970 850 1037 quandoque
882 970 1152 1023 exitiosam
1197 973 1307 1023 sore
1322 1008 1336 1033 ‚
1381 982 1692 1039 pepercerat.
1737 968 1915 1019 Frater

384 1053 591 1103 quoque
613 1040 721 1091 eius
742 1037 1023 1100 Perdiccas,
1044 1041 1203 1089 simili
1227 1038 1534 1092 insidiarum
1553 1036 1747 1096 fraude,
1781 1036 1914 1093 reli-

384 1116 467 1153 eto
488 1106 703 1171 parvulo
727 1106 831 1156 filio
855 1106 1126 1173 decipitur.
1159 1106 1270 1158 Sub
1291 1107 1434 1157 idem
1454 1118 1655 1171 tempus
1668 1102 1913 1169 ,Philip-

381 1188 478 1239 pus
512 1172 849 1222 commodum
880 1192 909 1223 e
930 1173 1164 1225 custodia
1184 1176 1414 1240 elapsus,
1448 1171 1566 1233 diu,
1589 1192 1695 1223 non
1715 1186 1912 1234 regem,

384 1237 478 1288 sed
498 1250 723 1289 tutorem
746 1242 933 1307 pupilli
952 1244 1071 1307 egit,
1110 1241 1181 1295 At
1206 1243 1293 1295 ubi
1314 1242 1546 1309 graviora
1566 1241 1703 1291 bella
1725 1239 1910 1288 immi-

379 1306 595 1366 nebant,
637 1324 913 1375 serumque
948 1310 1204 1361 auxilium
1227 1312 1280 1360 in
1303 1310 1673 1377 exspectatione
1693 1306 1906 1357 infantis

380 1386 491 1423 erat
512 1411 523 1433 ,
562 1377 861 1439 compulsus
891 1394 921 1427 a
960 1379 1160 1445 populo
1181 1414 1198 1437 ‚
1246 1394 1470 1445 reguum
1506 1374 1910 1427 Macedonicum

378 1442 517 1491 male
538 1444 793 1503 affectum,
818 1461 939 1493 cum
958 1446 1159 1495 bellicis
1181 1446 1390 1505 artibus,
1411 1456 1526 1493 tum
1548 1439 1908 1511 philosophiae

379 1511 659 1579 praeceptis
680 1512 1062 1575 praemunitus,
1085 1529 1147 1578 ap
1185 1512 1614 1574 rehenditsan'no
1639 1506 1811 1559 CCCC
1836 1506 1904 1555 ab

378 1578 506 1625 urbe
528 1576 760 1635 condita,
802 1576 1122 1644 Olympiade
1178 1579 1242 1630 V.
1272 1578 1421 1629 Circa
1440 1580 1607 1644 prima
1625 1578 1793 1642 itaque
1813 1591 1907 1624 re-

378 1644 467 1709 gni
488 1642 801 1708 primordia,
838 1662 1014 1695 rerum
1034 1648 1230 1698 infinita
1249 1646 1582 1699 multitudine
1603 1646 1656 1694 in
1677 1644 1905 1694 diversas

380 1709 610 1759 trahente
629 1723 803 1777 partes
815 1748 829 1770 ,
869 1712 1096 1763 finitimis
1115 1713 1346 1780 undique
1369 1715 1422 1764 in
1443 1712 1804 1763 Macedoniam
1823 1712 1909 1759 ir-

378 1778 644 1827 ruentibus
664 1780 871 1845 populis
884 1816 899 1843 ,
918 1781 1174 1847 bellisque
1194 1782 1351 1832 veluti
1373 1782 1748 1848 conspiratione
1768 1796 1897 1843 qua-

382 1844 504 1894 dam
524 1844 589 1895 ad
609 1847 1003 1912 opprimendam
1020 1848 1410 1912 Macedoniam,
1450 1851 1740 1899 multarum
1767 1862 1908 1910 gen—

381 1915 514 1961 tium
546 1930 608 1963 ex
642 1911 854 1965 diversis
894 1917 1021 1967 locis
1036 1953 1052 1978 ,
1089 1934 1196 1967 uno
1235 1928 1466 1983 tempore
1503 1914 1904 1975 confluentibus,

378 1996 469 2030 rex
488 1979 759 2049 Philippus
782 1984 973 2037 cautius
996 1986 1211 2035 omnino
1235 1983 1494 2051 agendum
1515 2000 1626 2035 esse
1657 1980 1908 2032 conside-

376 2064 521 2109 rans,
544 2046 801 2115 (omnibus
823 2053 964 2101 enim
982 2068 1075 2119 par
1095 2069 1205 2103 esse
1225 2069 1334 2102 non
1353 2050 1571 2119 poterat)
1605 2051 1702 2100 alia
1732 2050 1908 2098 inter-

374 2117 541 2181 posita
572 2118 808 2184 pactione
839 2122 1162 2187 composuit,
1209 2120 1307 2169 alia
1341 2119 1588 2177 redemit,
1635 2117 1904 2167 facillimis

374 2186 648 2249 aggressis,
667 2197 725 2236 nt
741 2187 971 2237 militum
988 2186 1218 2254 trepidos
1234 2188 1461 2237 firmaret
1479 2189 1678 2237 animos
1690 2222 1704 2248 ‚
1727 2194 1779 2233 et
1797 2185 1909 2235 sibi

376 2248 605 2301 hostium
625 2265 946 2305 contemtum
966 2252 1211 2305 demeret.
1229 2253 1467 2305 Primum
1492 2256 1570 2303 illi
1591 2271 1711 2304 cum
1728 2248 1906 2302 Athe-

372 2318 635 2375 aiensibus
650 2334 906 2373 certamen
918 2323 1029 2383 suit,
1047 2323 1232 2387 quibus
1245 2341 1338 2390 per
1350 2321 1730 2382 insidiafflvictis,
1751 2331 1910 2371 metu

372 2388 614 2450 gravioris
626 2388 884 2456 belli,eum
897 2390 1179 2439 interficere
1195 2403 1383 2456 posset,
1407 2407 1587 2440 omnes
1607 2389 1908 2441 incolumes

373 2456 481 2503 sine
492 2456 657 2521 pretio
680 2454 899 2505 dimisit:
920 2473 1050 2520 quae
1070 2474 1153 2506 res
1177 2458 1255 2506 illi
1276 2474 1517 2523 magnam
1539 2469 1588 2507 et
1607 2458 1823 2520 gratiam
1849 2468 1908 2506 et

372 2524 726 2577 auctoritatem
770 2524 1074 2572 conciliavit.
1130 2522 1302 2583 Captis
1352 2524 1540 2575 deinde
1586 2524 1904 2587 Paeonibus,
