2084 3009
668 147 947 240 mnssfz
1012 188 1126 240 IX.
1549 197 1656 254 28³

92 308 235 358 gare
254 292 654 360 perseverantis.
720 291 863 354 Ergo
885 291 1078 354 ingenti
1098 291 1372 342 certamine
1404 295 1655 346 concitant

93 355 317 421 remOS,
338 371 630 424 quantaque
651 360 726 409 vis
746 357 969 407 humana
990 375 1098 408 esse
1119 369 1317 424 poterat
1337 357 1544 406 admota
1567 373 1654 422 est,

93 439 161 475 ut
180 429 389 476 fluctus
402 462 417 488 ,
458 428 547 490 qui
568 445 620 476 se
641 426 969 486 invehebant,
1004 427 1440 476 everberarentur.
1505 423 1660 475 Findi

96 493 357 542 crederes
377 493 571 554 undas,
592 505 645 543 et
663 505 799 542 retro
820 494 1036 558 gurgites
1059 493 1254 542 cedere.
1324 491 1524 558 Quibus
1543 504 1661 541 tan-

96 560 234 616 dem
257 561 413 612 navis
435 572 631 626 erepta,
670 578 775 608 non
795 572 965 609 tamen
997 560 1137 625 ripae
1159 559 1531 626 applicabatur,
1570 558 1662 609 sed

96 629 155 676 in
176 627 501 694 proximum
519 627 713 677 vadum
733 627 967 676 illiditur.
990 627 1125 675 Cum
1145 644 1294 676 amne
1315 628 1517 676 bellum
1536 627 1660 676 fuis-

102 713 161 744 se
186 695 459 744 crederes.
526 693 667 758 Ergo
688 695 787 743 aris
810 713 904 762 pro
926 711 1145 743 numero
1165 695 1443 744 fluminum
1463 696 1658 760 positis,

101 763 473 826 sacrificioque
493 762 627 810 facto
639 797 657 820 ,
688 779 791 810 xxx
810 761 969 811 stadia
987 763 1252 827 processit.
1300 761 1428 810 Inde
1447 774 1660 812 ventum

100 841 187 878 est
211 831 271 877 in
294 830 564 892 regionem
576 828 963 895 Oxydracarum
978 829 1378 892 Mallorumque,
1394 846 1522 892 quos
1537 831 1660 882 alias

100 895 317 946 bellare
358 896 491 944 inter
530 915 583 945 se
624 897 802 945 solitos
832 907 957 943 tunc
993 895 1210 960 periculi
1231 895 1442 943 societas
1475 897 1660 947 iunxe-

102 975 207 1012 rat.
231 963 527 1026 Nonaginta
537 964 702 1012 millia
723 963 991 1022 iuniorum
1008 960 1248 1027 pediturn
1259 963 1312 1010 in
1325 963 1478 1010 armis
1493 973 1660 1026 erant3

102 1041 327 1098 praeter
347 1029 439 1078 hos
462 1031 933 1096 equitumxmillia,
956 1041 1348 1094 nongentaeque
1369 1028 1660 1094 quadrigae.

106 1095 185 1147 At
204 1097 548 1162 Macedones,
590 1100 678 1162 qui
701 1098 844 1146 omui
865 1097 1160 1146 discrimine
1191 1098 1296 1144 iam
1317 1095 1584 1150 defunctos
1605 1113 1659 1147 se

112 1183 230 1214 esse
254 1163 594 1227 crediderant,
637 1177 910 1230 postquam
930 1166 1192 1228 integrum
1211 1163 1414 1212 bellum
1439 1181 1560 1214 cum
1578 1165 1658 1214 fe-

111 1233 401 1282 rocissimis
420 1231 597 1280 Indiae
617 1233 851 1295 gentibus
875 1249 1136 1298 superesse
1159 1243 1505 1296 cognoverunt
1514 1267 1532 1294 ,
1553 1233 1660 1282 im-

112 1299 332 1366 proviso
352 1311 496 1347 metu
515 1299 705 1361 territi,
745 1315 923 1347 rursus
955 1297 1206 1347 seditiosis
1238 1299 1449 1348 vocibus
1477 1317 1657 1364 regem

112 1369 384 1432 increpare
409 1375 703 1430 coeperunt.
736 1363 989 1434 Gangem
1010 1381 1245 1428 amnem,
1270 1373 1326 1415 et
1346 1383 1485 1434 quae
1507 1368 1658 1416 ultra

115 1441 339 1494 essent,
381 1441 605 1493 coactos
636 1435 1020 1482 transmittere
1028 1449 1059 1490 ‚-
1097 1449 1208 1483 non
1240 1442 1422 1482 tamen
1437 1431 1663 1498 finisse}

112 1499 219 1550 sed
240 1509 493 1548 mutasse
523 1497 733 1550 bellum.
798 1499 1086 1550 Indomitis
1109 1499 1379 1569 gentibus
1410 1518 1469 1552 se
1504 1502 1657 1552 obie-

116 1577 269 1630 ctos,
292 1575 356 1614 ut
376 1567 655 1634 sanguine
674 1583 775 1615 suo
796 1567 1084 1633 aperirent
1105 1569 1161 1617 ei
1182 1570 1475 1618 Oceanum.
1522 1572 1658 1618 Tra-

118 1634 179 1684 hi
199 1642 371 1684 extra
394 1631 583 1681 sidera
605 1642 661 1682 et
682 1633 865 1693 solem,
888 1636 1124 1702 cogique
1145 1635 1328 1697 adire,
1352 1651 1494 1710 quae
1516 1653 1656 1686 mor-

119 1700 327 1752 talium
348 1697 523 1746 oculis
542 1709 750 1747 natura
770 1700 1114 1750 subduxerit.
1162 1703 1336 1753 Novis
1357 1701 1656 1754 identidem

122 1765 301 1820 armis
320 1781 489 1816 novos
508 1765 697 1816 hostes
728 1765 1013 1816 exsistere.
1069 1769 1210 1836 Quos
1231 1781 1292 1820 ut
1315 1788 1501 1822 omnes
1507 1770 1655 1842 fun-

123 1837 271 1888 dant
285 1831 640 1902 fugeritque,
682 1834 831 1902 quod
856 1835 1164 1902 praemium
1201 1839 1349 1906 ipsos
1389 1857 1606 1890 manere
1621 1837 1654 1888 Ρ

124 1901 419 1970 caliginem
432 1938 445 1962 ,
478 1918 543 1950 ac
562 1901 825 1962 tenebras
838 1941 851 1964 ‚
877 1912 1272 1972 etperpetuam
1291 1917 1506 1959 noctem
1514 1922 1656 1972 pro-

124 1969 299 2040 fundo
320 1967 699 2036 incubantem,·
722 1969 995 2036 repletum¹
1010 1975 1331 2021 immanium
1353 1972 1658 2021 belluarum

126 2035 394 2108 gregibus
398 2035 617 2105 fretum
626 2056 651 2094 ‚·
674 2037 973 2088 immobiles
994 2039 1197 2099 undas,
1207 2039 1274 2106 *in
1297 2038 1494 2106 quibus
1513 2055 1660 2086 emo-

133 2105 275 2154 riens
294 2112 511 2166 nature-t·
536 2103 816 2172 defecerit.
883 2107 989 2155 Rex
1012 2124 1122 2154 non
1153 2122 1270 2164 sua,
1311 2105 1402 2154 sed
1430 2107 1659 2156 militmn

134 2169 688 2234 sollicitudine-anxius,
710 2173 954 2221 concione
966 2171 1206 2220 advocata
1229 2170 1394 2233 docet,
1419 2171 1658 2223 imbelles

139 2256 270 2301 esse,
292 2255 427 2306 quos
448 2243 712 2288 metuant.
751 2239 911 2288 Nihil
928 2237 1128 2287 deinde
1139 2247 1370 2303 praeter
1391 2239 1496 2289 has
1511 2258 1660 2309 gen-

142 2315 223 2357 tes
242 2306 485 2364 obstare,
525 2324 628 2374 quo
650 2309 827 2360 minus
856 2316 1132 2355 terrarum
1151 2305 1338 2370 spatia
1358 2307 1568 2356 emensi
1584 2305 1662 2356 ad

136 2373 294 2440 finem
314 2371 487 2422 simul
500 2373 1061 2442 mundi‘laborumque
1075 2373 1427 2438 perveniant.
1449 2373 1661 2421 Cessis-

145 2458 201 2490 se
220 2440 327 2490 illis
350 2439 713 2490 metuentibus
738 2443 1018 2508 Gangem,
1053 2449 1108 2489 et
1129 2438 1536 2490 multitudinem
1555 2453 1660 2486 na-

146 2507 367 2568 tionum,
399 2523 541 2576 quae
566 2505 713 2556 ultra
734 2524 943 2556 amnem
966 2517 1184 2558 essent:
1226 2503 1531 2555 declinasse
1553 2505 1660 2554 iter

140 2591 228 2639 ro,
265 2574 358 2624 ubi
376 2591 493 2641 par
516 2571 734 2641 gloria,
774 2575 955 2624 minus
976 2574 1284 2642 periculum
1307 2579 1470 2622 essct.
1537 2573 1658 2624 Iam

142 2642 443 2711 prospicere
470 2658 531 2692 se
559 2639 853 2692 Oceanum.-
891 2641 1003 2693 iam
1023 2645 1266 2712 perflare
1287 2641 1365 2692 ad
1381 2640 1531 2712 ipsos
1551 2657 1658 2694 au-
