2084 3009
587 164 925 219 LIBER
999 164 1084 219 11,
1430 138 1442 143 ”
1534 176 1644 233 11.

70 268 115 319 in
136 266 277 320 seria
294 278 347 320 et
365 268 505 319 iocos
534 268 733 319 artifex.
800 266 1068 320 Amicitias
1085 269 1332 336 utilitate,
1367 278 1481 323 non
1497 272 1598 325 fide

66 336 289 388 colebat.
320 336 557 387 Gratiam
580 338 770 403 fingere
792 337 849 387 in
868 335 991 387 odio
1006 374 1021 400 ,
1040 338 1292 391 instruere
1313 340 1450 391 inter
1469 355 1599 391 con-

68 404 342 455 cordantes
366 404 501 468 odia,
524 404 663 471 apud
684 416 963 471 utrumque
984 408 1200 470 gratiam
1223 424 1484 472 quaerere,
1501 425 1599 458 so·-

70 474 258 523 lemnis
280 474 358 521 illi
378 472 719 523 consuetudo.
786 472 927 521 Inter
946 470 1070 523 haec
1089 474 1381 540 eloquentia
1393 510 1408 537 ,
1440 486 1492 527 et
1510 476 1598 527 in·-

66 542 228 605 signis
252 542 442 604 oratio,
478 541 732 591 acuminis
754 546 805 589 e't
824 536 1059 590 solertiae
1079 542 1232 607 plena
1252 578 1267 603 ,
1302 554 1364 591 ut
1382 560 1478 593 nec
1509 560 1600 595 or·

66 607 218 658 natui
249 607 465 659 facilitas
484 645 499 673 ,
534 626 631 659 nee
660 608 891 660 facilitati
912 609 1275 660 inventionum
1293 608 1491 663 deesset
1509 626 1600 663 or·

68 687 241 728 natm·

289 768 1467 909 SVPPLEMENTI·

592 945 639 995 L
672 940 699 995 Ῑ
731 944 855 1039 BNE
887 947 931 998 R
997 944 1122 1033 ῙῙ...

70 1047 256 1129 Anno
276 1076 342 1129 ab
361 1076 507 1128 Urbe
528 1077 737 1129 condita
776 1077 1125 1133 ccccxxw
1152 1092 1366 1133 mortno
1398 1078 1604 1149 Pffinp-

68 1166 156 1214 po,
170 1145 497 1196 ··Alexander
518 1148 670 1210 filius,
695 1146 783 1213 (ob
803 1150 1214 1213 magnitudinem
1232 1166 1411 1201 rerum
1430 1161 1603 1215 gesta-

69 1232 198 1267 rum
216 1212 435 1279 Magnus
456 1217 743 1282 appellatus
757 1253 771 1277 ‚
793 1214 813 1282 )
834 1217 1079 1279 vigesimo
1101 1220 1275 1267 aetatis
1296 1235 1458 1279 anno,
1483 1218 1604 1283 ple-

69 1299 209 1334 num
226 1281 443 1345 invidia,
478 1295 528 1333 et
546 1284 859 1348 gravissimis
882 1281 1014 1334 odiis
1034 1300 1092 1333 ac
1112 1284 1350 1349 pericuIIs
1370 1284 1606 1350 undique

68 1353 482 1413 circumseptum
502 1363 764 1401 assecutus
788 1361 865 1399 est
882 1350 1180 1416 imperium.
1235 1351 1344 1399 Nec
1365 1352 1507 1399 enim
1523 1354 1610 1401 vi·-

66 1418 222 1467 cinae
243 1414 580 1473 barbarorum
608 1417 901 1485 provinciae
920 1428 973 1466 et
989 1418 1224 1465 nationes
1238 1415 1476 1467 modeste
1495 1434 1610 1467 ser-

68 1487 297 1534 vitutem
315 1482 545 1533 ferebant
555 1521 570 1547 ‚
592 1486 722 1537 avita
738 1500 860 1534 vero
893 1482 1127 1533 dominia
1145 1486 1443 1551 patriosque
1460 1486 1612 1550 prin-

68 1554 275 1613 cipatus
294 1552 613 1602 affectabant.
679 1550 855 1601 Pritno
878 1552 1118 1601 omnium
1135 1564 1324 1613 autem,
1355 1564 1615 1617 quotquot

68 1632 319 1687 paternae
352 1617 519 1668 caedis
541 1636 688 1669 causa
709 1621 933 1681 fuerant,
974 1620 1212 1684 gravibus
1231 1620 1400 1669 affecit
1451 1621 1613 1670 oenis·

67 1682 281 1736 Deinde
310 1687 603 1749 sepulturae
644 1686 875 1736 eiusdem
911 1688 1196 1753 maximam
1227 1688 1402 1753 impen
1443 1689 1483 1737 it
1510 1704 1610 1737 cur·

65 1768 209 1805 ram.
278 1748 633 1817 Principatum
653 1770 772 1803 vero
802 1754 973 1803 multo
1005 1754 1194 1803 melius
1212 1790 1226 1816 ‚
1269 1771 1429 1819 quam
1457 1756 1610 1820 quis-

66 1836 238 1888 quam
256 1817 621 1880 existimasset,
654 1821 985 1873 confirmavit.
1022 1820 1227 1871 Iuvenis
1249 1824 1414 1884 enim,
1454 1834 1506 1872 at
1545 1838 1612 1876 ue

68 1890 143 1939 ob
162 1896 391 1937 aetatem
409 1884 576 1937 adhuc
594 1899 824 1936 teneram
836 1889 905 1937 ab
926 1889 1184 1955 aliquibus
1211 1890 1494 1939 contemtui
1545 1906 1609 1939 a·-

66 1958 249 2015 bitus,
290 1954 475 2016 vulgus
507 1954 679 2021 ipsum
696 1952 1081 2007 humanissimis
1113 1956 1440 2005 sermonibus
1457 1956 1530 2005 ita
1548 1957 1604 2008 in

64 2026 153 2075 sui
176 2022 597 2073 benevolentiam
614 2021 783 2081 traxit,
803 2030 865 2067 ut
884 2032 936 2069 et
956 2038 1106 2086 spem
1123 2023 1407 2072 maximam
1427 2025 1606 2073 omni-

62 2093 171 2143 bus
192 2090 411 2149 faceret,
452 2098 503 2137 et
538 2098 743 2137 metum
780 2088 939 2136 simul
976 2100 1131 2154 atque
1169 2100 1493 2140 contemtum
1521 2092 1604 2143 sui

62 2155 327 2211 universis
338 2152 585 2205 demeret.
605 2153 977 2204 Macedonibus
994 2156 1378 2207 immunitatem
1387 2170 1603 2213 cuncta·-

64 2242 197 2277 rum
213 2238 420 2284 rerum,
439 2235 640 2287 praeter
657 2222 874 2271 militiae
896 2224 1238 2286 vacationem,
1259 2224 1420 2277 dedit.
1477 2227 1600 2291 Quo

65 2296 209 2345 facto
231 2282 439 2341 tantum
458 2290 555 2340 sibi
576 2290 861 2340 conciliavit
892 2288 1148 2353 favorem,
1187 2302 1247 2341 ut
1275 2294 1364 2342 alii
1395 2310 1602 2361 corpus,

64 2380 182 2413 non
200 2360 479 2417 virtutem,
517 2360 607 2408 alii
622 2376 743 2410 vero
751 2374 959 2408 ,nomen
986 2358 1119 2423 regis
1151 2360 1322 2410 solum
1353 2362 1603 2411 immuta-
1661 2424 1664 2429 Ι

68 2446 189 2481 tum
222 2444 331 2477 esse
362 2426 609 2477 dicerent.
672 2428 744 2477 Et
764 2443 885 2476 curn
915 2427 1062 2477 initio
1081 2428 1338 2477 tumultus
1371 2426 1604 2492 undique

70 2508 257 2547 contra
278 2496 447 2561 ipsum
470 2495 634 2543 exorti
654 2505 850 2558 essent,
881 2494 1090 2545 audacia
1113 2508 1163 2546 et
1181 2495 1342 2545 mimi
1361 2503 1604 2543 constan-

70 2567 143 2617 tia
166 2560 463 2615 incredibili
484 2559 725 2609 citissime
736 2574 910 2611 motus
924 2578 1106 2612 omnes
1127 2560 1442 2625 compressit.
1470 2558 1604 2608 Pro-

72 2634 241 2685 fectus
263 2625 451 2683 deinde
482 2622 797 2677 Corinthum
811 2629 867 2678 in
886 2626 1341 2695 ‚Peloponnesum,
1379 2624 1602 2691 generali
