2084 3009
402 192 505 247 160
931 182 1000 249 Q.
1069 180 1402 259 cvs‘ru

402 299 564 337 tortos
585 302 760 336 rursus
782 286 1015 333 inserunt
1032 295 1222 334 terrae:
1257 282 1377 335 inde
1397 284 1542 334 velut
1561 300 1624 337 cx
1643 282 1946 338 alia‘radiee

404 356 639 406 laederes
658 354 825 402 virent
838 353 1022 401 trunci.
1089 350 1196 399 Hos
1209 387 1222 412 ‚
1262 368 1364 415 qua
1383 363 1564 401 natura
1583 352 1684 402 fert
1693 382 1718 415 ,-
1749 352 1946 403 adole-

400 440 537 473 scere
559 439 665 471 non
685 420 885 469 sinunt:
916 420 1107 485 quippe
1131 418 1289 466 alium
1310 419 1398 467 alii
1419 421 1565 483 quasi
1585 436 1725 469 nexu
1748 436 1947 469 conse-

398 501 547 552 runt;
587 489 675 553 qui
694 486 785 538 ubi
804 486 967 535 multa
987 484 1170 538 fronde
1188 486 1358 535 vestiti
1383 497 1529 547 sunt,
1563 488 1810 551 operiunt
1829 500 1942 537 ter-

397 574 527 608 ram.
592 556 770 621 Itaque
790 554 977 603 occulti
996 570 1156 606 nexus
1168 569 1432 601 ramorum
1453 555 1596 602 velut
1614 555 1793 618 laquei
1811 572 1942 620 per-

398 636 549 691 petua
579 640 697 689 sepe
728 623 825 685 iter
862 619 1098 670 cludunt.
1163 618 1280 670 Una
1318 620 1447 668 ratio
1491 632 1624 681 erat,
1668 620 1939 669 caedendo

398 692 593 759 aperire
614 692 828 738 saltum:
850 688 941 737 sed
958 687 1059 737 hoc
1078 703 1283 753 quoque
1303 687 1479 749 magni
1491 687 1679 753 operis.
1747 686 1936 739 Crebri

399 774 623 823 namque
644 755 770 805 nodi
793 754 1098 806 duraverant
1118 754 1329 819 stipites,
1351 754 1474 803 etin
1495 770 1547 803 se
1569 755 1826 819 implicati
1847 772 1941 803 ar-

394 826 590 875 borum
608 823 740 872 rami
758 823 1016 888 suspensis
1047 822 1249 871 circulis
1282 819 1506 882 slmiles,
1563 820 1708 871 lento
1737 822 1940 871 vimine

352 912 369 929 κ
400 889 773 941 frustrabantur
792 890 944 939 ictus.
1012 888 1216 937 Incolae
1237 899 1410 939 autem
1423 923 1436 948 ‚
1455 889 1560 936 ritu
1578 887 1814 937 ferarum
1831 891 1943 940 vir-

403 960 544 1025 gulta
564 958 736 1008 subire
760 957 915 1017 soliti,
936 966 1050 1006 tum
1062 972 1266 1023 quoque
1283 955 1593 1013 intraverant
1611 956 1824 1017 saltum,
1848 972 1943 1005 oc-

402 1028 648 1090 cultisque
687 1024 801 1072 telis
842 1022 1050 1073 hostem
1099 1021 1431 1073 lacessebant.
1498 1020 1596 1070 Ille
1635 1024 1942 1073 venantium

388 1092 560 1142 ‘modo
583 1091 795 1140 latibula
812 1100 1090 1149 scrutatus,
1129 1092 1402 1154 plerosque
1426 1088 1681 1137 confodit:
1723 1090 1794 1139 ad
1812 1090 1941 1139 ulti-

400 1176 550 1209 mum
569 1155 850 1207 circumire
869 1153 1076 1207 saltum
1095 1155 1298 1207 milites
1319 1156 1484 1215 iubet,
1544 1165 1609 1205 ut
1627 1155 1685 1205 si
1701 1173 1818 1225 qua
1833 1152 1963 1221 pa?

402 1234 561 1285 teret,
584 1222 971 1289 irrumperent.
1042 1222 1148 1272 Sed
1169 1224 1354 1287 ignoti:
1373 1222 1502 1272 locis
1522 1223 1760 1290 plerique
1779 1224 1944 1274 ober-

404 1295 601 1345 rabant.
653 1291 867 1357 Excepti
888 1300 1009 1339 sunt
1028 1290 1268 1356 quidam3
1301 1292 1433 1340 inter
1455 1306 1581 1355 quos
1605 1300 1775 1355 equus·
1789 1292 1944 1357 regis,

407 1358 787 1427 Bucephalam
805 1358 1078 1411 vocabantx
1129 1374 1288 1424 quem
1305 1354 1602 1406 Alexander
1622 1374 1730 1423 non
1753 1358 1943 1408 eodem

406 1448 507 1496 quo
532 1440 721 1477 ceteras
742 1425 963 1492 pecudes
984 1426 1156 1474 animo
1180 1424 1498 1479 aestimabat.
1565 1424 1703 1474 Nam
1733 1428 1826 1476 ille
1847 1442 1945 1475 nec

404 1496 634 1550 ixi-dorso
654 1493 875 1543 insidere
896 1510 989 1543 suo
1008 1493 1294 1560 patiebatur
1314 1492 1476 1541 alium
1489 1510 1508 1554 ᾗ
1523 1502 1574 1539 et
1591 1508 1797 1557 regern,
1819 1510 1944 1543 cum

404 1565 560 1614 vellet
580 1558 888 1611 adscendere
901 1595 916 1621 ,
952 1570 1133 1626 sponte
1166 1575 1258 1608 sua
1278 1574 1444 1624 genua
1465 1558 1776 1608 submittens
1798 1562 1944 1610 exci-

403 1630 603 1696 piebat,
632 1626 1033 1691 credebaturque
1058 1627 1244 1675 sentire
1267 1642 1426 1689 quem
1445 1625 1668 1676 veheret.
1739 1626 1942 1677 Maiore

406 1712 529 1761 ergo
545 1732 560 1758 ,
616 1711 773 1761 quam
793 1692 1006 1743 decebat
1018 1730 1032 1756 ,
1073 1693 1149 1744 ira
1167 1692 1324 1740 simul
1345 1708 1404 1741 ac
1423 1691 1604 1743 dolore
1627 1694 1943 1755 stimulatus,

406 1779 607 1842 equum
626 1760 912 1829 vestigari
929 1760 1086 1820 iubet,
1107 1767 1167 1809 et
1175 1774 1285 1825 per
1305 1758 1668 1827 interpretem
1677 1776 1942 1827 promm-

407 1830 545 1885 tzarc‘
555 1866 569 1890 ‚
610 1828 673 1878 ni
714 1826 1119 1886 reddidissent,
1158 1825 1428 1877 neminem
1476 1844 1593 1877 esse
1637 1826 1940 1879 victurum.

403 1899 515 1948 Hac
535 1896 919 1947 denuntiatione
949 1894 1141 1956 territi,
1198 1909 1320 1942 cum
1351 1896 1528 1943 ceteris
1558 1893 1710 1944 donis
1741 1914 1942 1961 equum

405 1958 684 2016 adducunt.
723 1961 827 2013 Sed
848 1978 911 2010 ne
932 1960 1007 2009 sic
1028 1956 1241 2025 quidem
1250 1960 1537 2025 mitigantis,
1575 1960 1739 2011 caedi
1758 1962 1940 2014 silvae

403 2035 563 2097 iubet,
580 2031 931 2101 adgestaque
951 2026 1108 2077 humo
1127 2045 1155 2077 e
1169 2026 1442 2077 montibus
1451 2026 1756 2095 planitiem
1765 2031 1941 2081 ramis

407 2100 729 2167 impeditam
748 2093 1116 2165 exaggerari.
1218 2093 1330 2145 Iam
1351 2096 1735 2161 aliquantulum
1756 2099 1942 2147 altitu-

407 2167 541 2219 dinis
565 2184 693 2231 opus
718 2176 956 2225 creverat,
982 2179 1105 2211 cum
1122 2162 1340 2225 barbari,
1363 2161 1629 2228 desperato
1649 2165 1938 2229 regionem,

478 2250 563 2282 am
582 2242 973 2298 occupaverant,
1008 2246 1164 2297 posse
1188 2230 1422 2289 retineri,
1442 2243 1648 2293 gentem
1667 2247 1823 2281 suam
1841 2232 1941 2283 de·-

446 2300 601 2351 idere.
667 2300 774 2349 Rex
787 2335 801 2362 ,
843 2297 1108 2347 obsidibus
1139 2297 1352 2363 acceptis
1389 2296 1669 2348 Phradati
1705 2298 1939 2350 tractem

406 2383 498 2418 eos
518 2365 676 2414 iussit.
741 2363 871 2413 Inde
892 2365 1072 2429 quinto
1094 2362 1177 2412 die
1197 2365 1252 2412 in
1272 2364 1451 2413 stativa
1469 2365 1761 2415 revertitur.
1831 2365 1942 2417 Ar-

407 2435 648 2484 tabazum
667 2430 850 2480 deinde
865 2465 879 2490 ‚
918 2432 1177 2493 geminato
1197 2429 1390 2479 honore
1401 2466 1417 2493 ‚
1455 2447 1612 2495 quem
1631 2432 1825 2495 D‘arius
1847 2434 1944 2484 ha-

406 2501 587 2551 buerat
616 2499 661 2547 ei
674 2515 695 2559 ,“
730 2496 945 2553 remittit
978 2496 1216 2546 domum.
1281 2495 1394 2545 Iam
1421 2496 1490 2547 ad
1520 2496 1710 2547 urbem
1737 2498 1944 2567 Hyrca..

408 2568 537 2627 niae,
557 2568 612 2614 in
633 2582 732 2629 qua
751 2563 891 2625 regia
908 2563 1055 2612 Darii
1073 2563 1185 2624 fuit,
1203 2575 1415 2614 ventum
1435 2575 1561 2614 erat.
1627 2564 1711 2614 Ibi
1735 2566 1943 2618 Nabar-

408 2648 557 2681 zanes
578 2642 779 2695 accepta
796 2628 895 2679 fide
918 2630 1150 2692 occurrit,
1171 2629 1305 2681 dona
1327 2631 1550 2697 ingentia
1567 2629 1673 2685 fere
1683 2644 1764 2682 ns-
1800 2633 1942 2687 Inter

682 2770 707 2781 fi
