2084 3009
478 134 549 187 60
1023 119 1093 185 Q.
1158 117 1494 171 cvn'rn

477 245 600 281 esse
619 224 941 292 pronuntiat,
963 220 1221 271 dextram
1233 220 1615 290 porrigentis:
1635 221 1731 275 illo
1754 224 1921 288 duce,
1942 228 2024 280 1⁸1-

474 296 530 347 lo
549 299 830 361 aperzente
845 290 907 339 in
927 289 1115 339 urbem
1134 290 1347 339 intrare
1367 306 1428 338 se
1457 293 1655 341 visum.
1704 292 1848 343 Inter
1870 295 2023 361 haec,

475 362 872 414 caduceatores
891 356 1233 426 interfectos,
1250 356 1509 425 gentium
1527 358 1653 407 iura
1673 358 1905 425 violata,
1928 382 2023 414 re-

474 430 695 481 ferebat:
735 440 904 482 unam
933 442 1055 475 esse
1088 424 1301 485 urbem,
1342 442 1488 493 quae
1520 442 1742 477 cursum
1778 429 2021 483 victoris

476 494 682 549 morari
705 511 852 547 ausa
883 502 1054 543 esset.
1123 492 1354 543 Ducibus
1388 492 1576 543 deinde
1608 498 1886 559 negotium
1916 500 2023 548 ‹la-

475 578 584 627 tur,
620 570 684 613 ut
701 578 832 613 suos
855 562 1087 631 quisque
1104 561 1251 611 casti
1298 568 1380 609 et:
1402 562 1623 625 satisque
1646 564 1893 613 omnibus
1920 567 2025 615 sti-

477 633 684 683 mulatis
697 668 712 693 ,
734 647 863 696 opus
886 646 1030 677 orsus
1063 638 1156 687 est.
1283 643 1411 690 agna
1439 628 1515 677 vis
1542 646 1789 679 saxorum
1808 630 1877 681 ad
1895 649 2023 683 ma-

475 716 608 749 num
630 708 737 747 erat
751 734 764 758 ,
792 697 932 764 Tyro
951 707 1121 746 vetere
1142 695 1441 760 praebente:
1466 697 1707 744 materies
1729 715 1792 747 ex
1810 698 2021 753 Libano

472 776 654 815 monte
685 765 880 815 ratibus
911 776 962 813 et
991 762 1219 811 turribus
1238 760 1482 811 faciendis
1502 762 1801 815 vehebatur.
1870 766 2024 817 Iam-

477 848 576 897 que
597 850 626 881 a
643 831 811 881 fundo
831 832 990 880 maris
1011 832 1067 878 in
1086 829 1413 879 altitudinem
1439 830 1634 879 montis
1667 847 1799 896 opus
1834 850 2021 887 excre-

475 910 645 961 verat,
683 899 925 948 noudum
945 910 1119 947 tamen
1150 914 1311 963 aquae
1343 895 1606 960 fastigium
1627 900 1909 963 aequabat3
1950 914 2021 965 et,

477 983 580 1033 quo
603 968 809 1030 longius
830 968 996 1015 moles
1019 964 1263 1029 agebatur
1284 982 1312 1013 a
1332 963 1509 1025 litore,
1546 963 1642 1013 hoc
1669 968 1833 1030 magis
1856 968 2023 1033 quid-

477 1034 623 1101 quid=
642 1034 968 1097 ingerebatur
1007 1033 1299 1098 praealtum
1332 1031 1639 1080 absorbebat
1674 1050 1844 1083 mare:
1894 1053 2021 1085 curn

477 1102 622 1167 Tyrii
663 1102 831 1165 parvis
861 1100 1071 1163 navigiis
1108 1097 1359 1160 admotis,
1392 1115 1486 1163 per
1506 1098 1798 1149 ludibrium
1819 1119 2020 1168 expro-

472 1167 715 1227 brabant,
752 1165 875 1215 illos·
896 1166 1069 1215 armis
1091 1163 1356 1227 inclutos,
1392 1164 1557 1214 dorso
1582 1166 1734 1216 sicut
1762 1166 2022 1221 iumenta

475 1250 647 1284 onera
677 1242 944 1303 gestare.-
998 1234 1386 1297 interrogabaut
1422 1234 1604 1295 etiam,
1654 1251 1787 1283 num
1834 1238 2018 1287 maior

474 1302 732 1367 Neptuno
754 1309 906 1351 esset
927 1298 1252 1349 Alexander
1267 1298 1299 1347 ?
1325 1300 1462 1349 Haec
1481 1299 1593 1365 ipsa
1611 1302 1878 1351 insectatio
1902 1308 2020 1355 ala-

477 1370 714 1419 critatem
733 1370 964 1418 militum
981 1366 1231 1417 accendit.
1299 1365 1511 1431 Iamque
1541 1370 1815 1432 paululum
1842 1374 2019 1422 moles

476 1454 663 1504 aquam
683 1438 969 1496 eminebat,
1005 1446 1057 1484 et
1088 1435 1245 1485 simul
1275 1436 1470 1498 aggeris
1496 1434 1714 1483 latitudo
1738 1440 2019 1501 crescebat,

476 1506 695 1568 urbique
715 1504 1119 1563 admovebatur3
1156 1517 1277 1549 cum
1296 1502 1441 1565 Tyrii
1460 1502 1818 1566 magnitudine
1839 1508 2019 1569 molis,

481 1573 626 1620 cuius
646 1572 1024 1619 incrementum
1048 1586 1134 1617 eos
1156 1579 1271 1617 ante
1292 1570 1561 1631 fefellerat,
1580 1584 1872 1635 conspecta,
1889 1575 2021 1625 levi-

479 1638 580 1685 bus
602 1637 811 1701 navigiis
833 1634 1071 1683 nondum
1091 1636 1432 1686 commissum
1452 1653 1582 1702 opus
1605 1639 1874 1689 circumire
1896 1658 2018 1691 coe·

479 1714 698 1769 perunt3
733 1703 1013 1752 missilibus
1035 1720 1123 1751 eos
1145 1719 1376 1768 quoque,
1396 1704 1486 1768 qui
1506 1721 1599 1769 pro
1622 1720 1777 1771 opere
1798 1708 2017 1771 stabant,

481 1771 753 1819 incessere.
799 1770 997 1818 .Multis
1019 1786 1139 1833 ergo
1159 1770 1372 1834 impune
1390 1772 1693 1833 vulneratis,
1716 1789 1838 1821 cum
1857 1786 1909 1823 et
1928 1794 2020 1826 re-

483 1852 708 1901 movere,
731 1849 782 1886 et
802 1838 1060 1902 appellere
1079 1852 1193 1901 scap
1202 1836 1353 1887 basin
1374 1836 1613 1903 expedi-to
1635 1850 1793 1901 esset3
1828 1841 1899 1891 ad
1921 1860 2019 1892 cu·-

479 1922 594 1954 ram
615 1917 778 1956 semet
797 1906 939 1970 ipsos
958 1902 1141 1951 tuendi
1161 1906 1241 1952 ·ab
1273 1919 1429 1967 opere
1460 1916 1833 1956 converterant.
1901 1907 2016 1975 Igi-

479 1987 564 2024 tur
582 1990 675 2024 rex
695 1968 1065 2025 munientibus
1086 1966 1240 2019 coria
1258 1968 1493 2039 velaque·
1508 1972 1651 2021 iussit
1674 1971 1931 2037 obtendi,
1954 1986 2019 2029 ut

481 2050 647 2091 extra
681 2039 782 2091 teli
814 2039 1001 2095 ictum-
1016 2045 1237 2087 essent:
1276 2036 1505 2104 duasque
1544 2050 1711 2089 turres
1748 2058 1813 2091 ex
1848 2046 2016 2109 capite

480 2110 639 2157 molis
659 2108 846 2167 erexit,
867 2124 896 2157 e
917 2106 1103 2171 quibus
1126 2106 1181 2153 in
1200 2104 1478 2154 subeuntes
1502 2106 1713 2171 scaphas
1733 2109 1839 2157 tela
1861 2110 2015 2175 inge-

477 2178 528 2224 ri
557 2185 784 2238 possent.
827 2172 1022 2221 Contra
1052 2172 1200 2238 Tyrii
1228 2171 1427 2236 navigia
1456 2174 1641 2237 procul
1668 2192 1697 2222 a
1726 2190 2015 2242 conspectu

480 2240 714 2290 hostium
731 2240 870 2289 litori
889 2240 1180 2305 appellunt,
1222 2239 1565 2305 expositisque
1586 2241 1868 2306 militibus,
1906 2261 2015 2311 eos,

557 2308 576 2355 i
608 2324 727 2356 saxa
754 2307 1040 2372 gestabant,
1078 2305 1403 2357 obtruncant.
1470 2304 1533 2355 In
1565 2308 1768 2357 Libano
1800 2326 2015 2378 quoque

482 2325 720 2425 gaham
755 2385 970 2439 agrestes
1007 2372 1375 2439 incompositos
1416 2372 1729 2429 Macedonas
1766 2382 2014 2445 aggressi,

483 2443 691 2509 triginta
710 2442 814 2491 fere
837 2441 1167 2503 interficiunt,
1226 2440 1515 2493 au'cioribus
1540 2444 1717 2507 captis.

616 2508 764 2561 CAP.
795 2507 890 2558 111.
953 2509 1031 2556 Ea
1060 2524 1139 2557 res
1174 2458 1530 2558 Klexandrum
1568 2508 1797 2561 dividere
1835 2514 2011 2579 copias

483 2580 673 2645 oozgitz
693 2590 746 2630 et
762 2594 828 2628 ne
849 2577 1073 2642 seguiter
1092 2572 1311 2626 assidere
1330 2576 1425 2627 uni
1442 2575 1559 2627 urbi
1579 2576 1857 2643 videretur,
1878 2597 2010 2648 ope·-
